2896 5054
549 1398 676 1485 Caput
700 1404 885 1482 quartum.

609 1663 821 1746 conclusio.

274 1833 332 1896 Eis
355 1828 452 1894 rebus
476 1828 516 1892 de
540 1825 657 1912 quibus
679 1825 713 1888 in
730 1825 835 1909 capite
850 1823 910 1887 III.
935 1823 1000 1907 egi,
1023 1843 1082 1907 pro
1099 1833 1186 1887 certo
1204 1844 1251 1885 ar-

185 1939 289 2005 bitror
312 1936 524 2002 demoustrari
547 1931 691 1997 fabulam
715 1953 798 2018 quae
822 1939 870 1995 est
894 1930 933 1994 dc
949 1929 1079 2015 Psyche
1101 1940 1134 1993 et
1154 1929 1252 2014 Cupi·

185 2049 261 2112 dine
293 2046 399 2110 eidem
431 2041 625 2106 narrationis
657 2039 769 2124 generi
795 2036 1021 2126 ascribendam
1055 2058 1124 2100 esse
1152 2048 1250 2122 atque

185 2153 387 2219 Graecorum
409 2148 537 2214 fabulas
561 2146 820 2232 Romanenses.¹)
867 2144 962 2225 Quod
987 2144 1134 2229 quamvis
1157 2143 1252 2228 parui

185 2282 253 2325 esse
276 2258 431 2323 momenti
453 2254 614 2336 videatur,
638 2263 747 2318 tamen
770 2251 903 2336 dignum
928 2260 986 2332 est,
1011 2250 1051 2314 de
1067 2272 1130 2337 quo
1146 2272 1252 2335 pauca

186 2387 396 2450 exponamus,
426 2363 606 2447 Praecipue
618 2358 840 2446 quaerendum
851 2368 910 2440 est,
927 2357 1043 2444 quibus
1054 2355 1253 2443 temporibus
1297 2396 1305 2467 Ι·

188 2470 296 2542 fabula
312 2469 493 2554 Apuleiana
508 2467 620 2532 abillo
637 2467 727 2532 Xsit
744 2466 881 2531 condita.
913 2463 1253 2550 Dietze(1.l.p.147)
1296 2470 1301 2557 Ι

186 2600 258 2642 eam
290 2578 394 2662 primo
426 2599 454 2641 a.
485 2575 560 2640 Chr.
590 2599 620 2638 n.
651 2573 779 2639 saeculo
811 2574 1020 2657 compositam
1052 2595 1123 2637 esse
1156 2572 1253 2637 ducit.
1297 2560 1303 2641 l
1340 2624 1344 2630 .

187 2684 294 2765 Quam
318 2685 539 2747 coniecturam
554 2681 595 2745 ad
612 2681 782 2745 veritatem
799 2703 898 2766 prope
914 2679 1072 2744 accedere
1088 2680 1253 2763 existimo;

185 2814 261 2855 nam
292 2790 383 2855 illum
408 2791 441 2852 X
465 2812 504 2854 ea
535 2789 576 2853 de
607 2811 705 2853 causa
735 2788 836 2852 multo
865 2797 940 2851 ante
967 2785 1087 2871 Apulei
1115 2795 1254 2850 aetatem

187 2897 333 2967 floruisse
373 2896 527 2978 arbitror,
563 2897 639 2982 quia
678 2919 762 2960 unus
802 2919 844 2960 ex
882 2895 1093 2981 scriptoribus
1128 2894 1255 2959 eroticis

188 3000 323 3067 Graecis
347 3001 591 3087 diligentissime
614 3004 754 3088 vestigia
774 3012 942 3088 potiturum
957 3000 1254 3068 Alexandrinorum

187 3111 348 3196 presserit.
388 3109 507 3172 Notum
531 3120 579 3173 est
603 3110 639 3173 in
662 3110 810 3175 omnihus
835 3109 951 3175 fabulis
972 3110 1135 3174 rhetorum
1153 3109 1256 3174 Grae·

187 3239 298 3282 corum
321 3216 485 3281 amatoriis
508 3214 653 3280 homines
677 3218 759 3282 sicut
782 3217 912 3282 umbras
941 3239 1125 3302 exsangues
1153 3215 1256 3280 verba

187 3323 393 3389 declamitare
410 3346 495 3409 quae
512 3345 623 3388 aurem
640 3323 778 3410 pulsant,
796 3326 940 3389 animum
956 3346 1021 3388 non
1038 3334 1254 3389 commovent:

279 3504 305 3569 l)
323 3500 448 3555 Fabulas
475 3499 548 3554 istas
577 3517 613 3554 cx
641 3499 851 3556 consuetudine
881 3500 1005 3556 dicimus
1030 3495 1255 3557 ‘Romanensea'

188 3587 281 3656 Quam
303 3589 378 3644 male
400 3588 473 3644 haec
495 3604 554 3643 vox
578 3588 616 3643 de
641 3589 687 3645 his
711 3589 818 3645 fabulis
839 3590 919 3646 dicta
946 3588 999 3658 sit,
1026 3606 1122 3661 nuper
1148 3588 1257 3646 diserte

187 3677 346 3750 explicarit
354 3678 383 3732 u.
395 3677 485 3744 Klabs
495 3673 686 3749 (Apollonius
695 3694 749 3733 aus
757 3675 858 3749 Tyrus’
872 3679 965 3735 Berol.
983 3680 1056 3735 1899.
1067 3696 1096 3751 p.
1108 3681 1162 3737 310
1171 3678 1257 3750 sqq.).

186 3765 328 3837 Proponit
339 3767 438 3829 Rhabo,
452 3770 486 3822 ut
498 3782 549 3821 eas
562 3765 742 3838 appellemus
755 3767 869 3823 fabulas
882 3767 1078 3838 sophistarum
1090 3769 1255 3825 amatorias·

187 3855 230 3909 At
246 3871 324 3911 nunc
341 3857 483 3927 temporis
502 3856 611 3912 scimus
629 3855 690 3911 iam
707 3859 777 3912 ante
789 3856 989 3928 sophistarum
1001 3862 1129 3914 aetatem
1142 3857 1256 3914 fabulas

189 3944 344 4000 amatorias
362 3945 510 4002 exstitisse
530 3945 577 4015 (cf.
595 3945 697 4015 fragm.
711 3962 814 4017 papyr.
826 3963 902 4017 quae
916 3951 985 4002 sunt
998 3947 1078 4002 edita
1088 3948 1119 4002 in
1132 3948 1257 4003 Hermae

188 4031 244 4085 vol.
262 4031 394 4105 XXVIII,
413 4052 442 4106 p.
456 4036 507 4090 161
519 4050 583 4106 sqq.
589 4055 596 4101 ;
616 4033 707 4104 XXX,
726 4052 754 4107 p.
775 4039 826 4092 144
837 4052 915 4107 sqq.;
935 4042 965 4091 et
978 4052 1053 4107 quac
1065 4052 1173 4106 magna
1190 4051 1257 4091 cum

188 4121 348 4190 sagacitate
366 4124 487 4194 exponit
504 4122 537 4183 R.
550 4123 657 4180 Heinze
669 4125 699 4179 iu
712 4125 836 4180 Ilermae
848 4126 905 4182 vol.
917 4124 1048 4193 XXXIV,
1067 4142 1096 4197 p.
1105 4125 1159 4181 510
1168 4124 1256 4195 sqq.);

188 4209 288 4281 itaque
307 4210 405 4282 aptius
424 4228 473 4266 aas
492 4229 630 4269 vocamus
649 4213 764 4269 fabulas
782 4214 935 4269 rhetorum
953 4216 1120 4270 amatorias.
