2896 5054
611 527 830 592 ,59-

224 703 270 770 VI,
282 707 307 759 4.
327 708 533 774 ...praestare
543 720 590 758 me
600 703 695 774 pudor
748 703 842 759 factae
870 703 1016 773 legitimae
1047 718 1104 758 non
1132 710 1257 775 possunt

187 809 244 848 non
263 791 339 847 slnlt.
749 792 841 847 videri
858 809 892 847 ac
911 809 964 864 per
981 792 1037 847 hoo
1060 793 1177 863 spurius
1199 793 1257 849 iste

224 880 269 949 VI,
291 883 331 937 16.
363 879 463 935 Venus
486 881 553 934 vino
573 881 695 936 madens
748 884 892 936 nascetur.

187 975 217 1026 et
234 969 361 1038 fraglans
380 968 579 1038 balsamalssal
784 968 832 1035 Vl,
844 971 887 1027 22.
907 968 1016 1025 Contra
1029 970 1107 1039 leges
1120 974 1150 1025 et
1162 970 1257 1043 ipsam

223 1058 270 1127 Vl,
283 1060 326 1112 22.
345 1056 468 1112 Domine
481 1057 530 1122 fili,
544 1076 695 1130 nunquam
748 1058 856 1113 Juliam
875 1099 881 1112 .
902 1099 907 1111 .
929 1103 933 1111 .
954 1058 1080 1114 laeseris.
1148 1098 1151 1106 -

186 1148 257 1202 mihi
277 1163 416 1203 concessu
436 1148 524 1202 deum
545 1148 695 1204 decretum
784 1144 832 1213 VI,
851 1149 895 1204 23.
916 1149 946 1202 Si
965 1148 1016 1218 qui
1036 1189 1041 1200 .
1063 1192 1067 1201 .
1089 1188 1095 1202 .
1116 1147 1257 1202 defuisset

186 1236 311 1291 servaris
341 1235 496 1303 honorem,
529 1238 578 1292 sed
614 1238 695 1292 Istud
747 1236 917 1306 inpoenam
933 1235 961 1290 X
980 1236 1092 1291 milium
1105 1247 1258 1291 nummum

124 1395 129 1404 Ι
185 1328 289 1397 pectus
309 1340 465 1381 meum...
480 1325 695 1381 convulneraris
748 1329 925 1380 conventum
953 1325 1075 1382 Iri...
1103 1325 1163 1380 iam
1189 1325 1257 1380 faxo

186 1430 251 1485 sqq.
272 1453 279 1468 .
299 1453 305 1466 .
326 1454 333 1467 .
353 1413 438 1483 atqua
456 1431 533 1468 nunc
556 1415 584 1468 in
609 1415 695 1470 terrls
748 1414 992 1486 nuptias...iure
1012 1414 1087 1470 civili
1107 1429 1257 1485 congruas.

185 1501 284 1574 puella
301 1501 463 1573 pracpollet
479 1502 694 1573 pulchritudine
750 1502 798 1565 VI,
813 1505 855 1559 24.
876 1502 987 1559 SIcrite
997 1502 1108 1573 Psyche
1123 1504 1259 1558 convenit

188 1630 248 1648 ...
270 1589 315 1658 VI,
336 1592 378 1646 23.
398 1590 452 1644 Dei
471 1577 627 1662 conscripti
647 1631 693 1646 ...
748 1592 778 1646 in
797 1608 917 1646 manum
938 1591 1096 1663 Cupidinis.

281 1698 373 1780 Quae
398 1700 593 1764 narrationis
616 1699 761 1783 ‚lumina‘
786 1700 867 1765 adeo
893 1699 1093 1765 conformata
1116 1711 1200 1781 sunt,
1224 1711 1260 1764 ut

188 1831 230 1871 ox
261 1809 356 1871 unius
387 1806 525 1870 hominis
554 1808 683 1892 ingenio
713 1831 751 1873 ea
780 1817 857 1872 nata
890 1830 960 1872 esse
1002 1807 1175 1871 verisimile
1204 1808 1259 1873 sit:

188 1914 307 1979 insulso
341 1925 373 1977 et
407 1915 570 1999 impudice
598 1914 737 1999 plurima
767 1925 841 1978 sunt
875 1915 972 1995 dicta,
1001 1915 1108 1978 omnia
1142 1937 1259 2000 parum

190 2032 264 2106 apte
308 2032 473 2107 assumpta
503 2033 535 2085 et
569 2021 645 2086 ficta
684 2023 836 2086 videntur
844 2021 893 2108 14).
949 2022 1111 2103 Quoniam
1150 2032 1260 2086 autem

189 2129 304 2193 ceteris
330 2151 457 2214 quoque
480 2127 779 2213 metamorphoseon
802 2127 892 2192 libris
916 2128 1075 2213 Apuleius
1098 2130 1261 2193 interdum

189 2237 293 2301 verba
323 2237 483 2323 quaedam
512 2235 554 2300 ad
581 2237 800 2300 Romanorum
823 2236 911 2321 leges
934 2234 987 2298 vel
1008 2236 1155 2300 instituta
1179 2235 1258 2299 allu-

191 2343 347 2427 dentia¹⁵)
371 2343 507 2426 addidit,
531 2344 644 2407 merito
668 2342 709 2406 ab
743 2344 813 2428 ipso
837 2342 975 2427 Apuleio
999 2344 1034 2406 in
1057 2341 1203 2428 Psychae
1226 2353 1259 2407 et

193 2450 365 2535 Cupidinis
388 2450 531 2514 fabulam
554 2449 632 2514 talia
657 2451 799 2512 immissa
816 2471 884 2512 esse
900 2448 1129 2514 concludimus.
1156 2448 1259 2514 Simul

199 2557 358 2620 evincitur
380 2558 571 2638 irrisionem,
596 2581 660 2643 qua
683 2559 718 2620 in
741 2556 852 2621 fabula
875 2555 1060 2642 Apuleiana
1084 2556 1161 2621 deos
1185 2579 1259 2621 con·

193 2686 318 2749 sparsos
350 2664 514 2748 videmus,
554 2665 595 2728 ab
619 2667 689 2750 ipso
712 2662 850 2749 Apuleio
870 2665 1049 2728 narrationi
1073 2664 1260 2728 adiunctam

192 2792 269 2835 esse.
318 2773 453 2836 Praeter
473 2794 544 2835 eam
570 2773 655 2834 enim
675 2794 772 2856 quam
797 2769 891 2855 paulo
915 2792 1011 2855 supra
1035 2770 1109 2850 (hac
1124 2772 1258 2856 pagina)

195 2878 286 2939 edixi
325 2900 467 2958 causam,
505 2877 566 2942 hoc
591 2879 728 2943 accedit:
766 2876 931 2942 interdum
954 2877 1111 2962 Apuleius
1139 2877 1260 2942 eisdem

194 2981 303 3044 verbis
332 2983 549 3046 Romanorum
581 2983 669 3068 leges
697 3007 868 3070 moresque
896 2986 1085 3070 perstringit
1115 2996 1147 3049 ot
1184 2985 1260 3049 deos

193 3088 301 3152 illudit
309 3091 355 3170 16).
401 3089 609 3154 Enumeratio
647 3091 742 3157 rebus
780 3092 897 3178 quibus
937 3091 1047 3156 fabula
1078 3089 1262 3178 'Apuleiana

194 3196 372 3280 composita
395 3205 454 3278 est,
477 3198 542 3260 iam
567 3199 787 3284 quaerendum
810 3210 869 3281 est,
892 3210 1000 3263 utrum
1017 3199 1175 3284 Apuleius
1191 3200 1260 3283 ipse

193 3303 313 3367 Amore
354 3313 386 3367 et
425 3303 543 3369 fabella
583 3306 730 3392 populari
766 3307 909 3372 confusis
943 3307 1086 3370 fabulam
1119 3317 1262 3370 nostram

200 3412 389 3474 amatoriam
413 3410 595 3477 condiderit
618 3403 823 3498 necne1⁷)—
842 3415 876 3477 id
899 3426 962 3479 ost:
1002 3415 1084 3478 sitne
1107 3413 1263 3499 Apuleius

195 3518 263 3601 ipse
286 3516 458 3602 illaquam
482 3521 580 3583 statui
603 3519 644 3584 X.

284 3659 345 3726 l3a)
365 3659 400 3714 cf.
421 3659 511 3713 etiam
530 3675 564 3712 ea
584 3676 658 3730 quae
679 3659 716 3714 de
735 3659 856 3716 Clarone
876 3661 1013 3718 dicuntur
1031 3660 1090 3733 (VI,
1111 3661 1162 3728 18).

248 3774 250 3779 >
282 3749 327 3814 14)
347 3746 508 3802 Perslmilia
539 3748 568 3802 in
606 3746 783 3819 quibusdam
812 3749 929 3806 Lucisni
964 3751 1081 3823 scriptis
1115 3767 1264 3806 occurrere
1319 3807 1321 3811 .

195 3833 296 3890 llletze
315 3837 444 3890 ostendit
463 3836 492 3906 (l.
510 3836 527 3893 l.
547 3855 576 3909 p.
591 3839 643 3893 143
653 3840 716 3909 sq.).
908 3898 910 3903 ,

284 3924 328 3993 15)
348 3925 382 3981 cf.
402 3929 518 3983 metam.
538 3924 588 3992 III,
608 3927 713 3999 2sqq.;
733 3926 810 3996 VIII,
832 3930 879 3997 24;
898 3928 949 3997 IX,
969 3931 1012 3984 27.

284 4013 327 4080 16)
347 4015 382 4068 cl.
402 4013 450 4084 VI,
470 4014 503 4070 22
523 4017 553 4087 (J
556 4017 671 4089 uppiter
690 4049 724 4058 -
741 4018 789 4073 lex
801 4018 901 4088 Julia);
920 4018 968 4087 VI,
988 4021 1022 4075 23
1036 4016 1184 4090 (Mercurio
1197 4035 1264 4090 poe·

192 4118 263 4156 nam
280 4100 308 4155 X
328 4102 439 4158 millum
457 4122 609 4160 nummum
628 4106 812 4177 pronuntial3
833 4108 880 4163 dei
900 4108 1078 4179 conscripti).

280 4191 328 4338 ὲῗ)
348 4191 382 4247 cf.
400 4186 513 4249 ‘Friedl
527 4195 544 4249 l.
562 4191 587 4248 l.'
606 4193 673 4262 111⁶,
693 4212 721 4266 p.
735 4196 801 4267 4693
819 4191 951 4264 ‘Teuffel
972 4197 1055 4254 Stud.
1074 4216 1101 4252 u.
1121 4186 1265 4252 Charakt.'

195 4297 224 4351 p.
244 4281 279 4336 57
298 4326 304 4339 ,
783 4297 785 4301 ⁴
