2896 5054
645 490 862 554 *40-

216 689 280 731 non
314 667 474 733 concessis
513 667 686 750 quisquam
724 664 892 750 explicare
920 674 1041 749 pom,
1082 687 1140 728 cur
1171 665 1283 731 Venus

215 773 378 858 Psycham
403 797 422 838 a
447 772 609 858 Cupidine
633 772 782 837 adiuvari
806 770 1010 857 coniciat¹⁸)?

305 880 414 945 Media
436 901 566 965 qnoque
587 878 775 942 narratione
793 877 981 962 Apuleiana
995 878 1050 964 (V.
1067 882 1086 945 8
1104 906 1149 926 —J
1161 880 1220 947 vl.
1238 880 1282 965 8.)

214 996 250 1053 ut
275 997 367 1051 certa
390 987 430 1050 de
452 985 590 1070 pristina
613 983 755 1050 fabellae
775 984 942 1069 popadnris
955 985 1060 1050 forma
1084 987 1283 1066 evincamus,

214 1091 310 1157 nobis
330 1115 396 1157 non
419 1093 588 1176 contingit.
617 1091 774 1156 Attamen
790 1091 995 1155 contendenti
1018 1092 1099 1156 mihi
1120 1091 1285 1156 infabella
1335 1173 1336 1176 Ἴ

214 1199 276 1263 ista
299 1199 449 1284 populari
471 1220 598 1264 amores
612 1197 773 1282 malignas
788 1197 902 1262 eodem
918 1199 1161 1262 modomortem
1176 1198 1283 1263 obisse

214 1314 246 1369 et
276 1304 419 1390 puellam
451 1304 567 1370 eadem
596 1305 824 1384 commentust)
857 1304 1055 1369 confinxisse
1075 1314 1172 1390 atque
1196 1327 1285 1369 nuuc

213 1410 360 1496 legimus,
384 1412 549 1476 neminem
571 1411 686 1495 opinor
709 1409 932 1475 oblocuturum
950 1433 1031 1474 esse.
1062 1410 1166 1475 Multo
1177 1414 1284 1476 minus

214 1527 340 1582 certum
373 1528 438 1599 est,
473 1516 551 1603 quid
579 1517 715 1581 fortasse
746 1525 914 1601 praeterea
944 1519 1079 1583 istorum
1111 1529 1283 1582 metamor·

214 1623 360 1708 phoseon
384 1625 526 1708 capitum
551 1646 594 1687 ex
611 1621 737 1687 'fabella
760 1622 909 1707 populari
931 1624 1073 1687 fluxerit.
1096 1622 1147 1687 Ac
1168 1613 1285 1689 uorem

214 1750 255 1792 ne
291 1730 392 1795 nimia
427 1730 555 1815 assequi
586 1729 761 1808 voluerim,
793 1730 879 1813 quod
908 1728 1095 1794 dubitanter
1122 1732 1158 1794 in
1184 1731 1285 1794 Panis

214 1837 357 1900 oratione
393 1837 445 1917 (V.
471 1835 539 1917 25.)
568 1837 707 1920 vestigia
736 1834 895 1920 quaedam
923 1859 975 1900 mc
998 1837 1217 1921 investigasse
1236 1838 1285 1900 in-

215 1942 324 2005 dicavi
345 1941 398 2022 (ef.
414 1965 445 2026 p.
462 1944 532 2023 28.)
556 1965 674 2005 anuum
695 1941 833 2017 illarum,
856 1964 938 2026 quae
954 1942 1285 2028 inNcrvegiorum15)

213 2045 340 2111 tabellis
379 2048 433 2131 (cf.
472 2070 501 2133 p.
534 2034 598 2131 19.)
660 2046 1005 2132 Germanorumqusffi)
1053 2049 1158 2130 (,‚Der
1194 2050 1291 2114 Wolf

213 2155 272 2217 mit
296 2153 368 2219 dem
384 2153 673 2239 Wockenbriefe“)
690 2153 828 2238 puellae,
851 2163 888 2217 ut
910 2155 1065 2219 maritum
1079 2168 1286 2240 econspectu

214 2259 377 2324 evolatum
400 2262 573 2346 repperiet,
599 2283 746 2326 suasores
769 2262 939 2328 exsistunt.

302 2365 541 2431 Difficillimum
565 2367 747 2431 diiudicatu
770 2378 828 2448 est,
853 2368 940 2451 qnod
963 2378 1076 2432 restat:
1111 2370 1284 2435 exordium

218 2475 412 2538 narrationis
439 2472 650 2558 Apuleianae.
704 2472 813 2553 Quam
845 2473 887 2538 ad
921 2476 1144 2558 quaestionem
1171 2475 1288 2541 Dietze

215 2590 246 2643 et
270 2579 551 2663 Friedlaender¹⁷)
576 2579 703 2644 adhoc
726 2592 855 2664 tempus
879 2582 1025 2664 aggressi
1049 2591 1134 2644 sunt.
1178 2580 1288 2666 Atque

215 2685 331 2749 Dietze
347 2685 480 2771 quidem
501 2685 563 2751 hoc
587 2686 656 2751 fere
681 2687 853 2750 exordium
875 2685 1015 2750 fabelrlae
1039 2685 1201 2771 popularis
1215 2709 1284 2750 esse

213 2791 392 2857 arbitratur
402 2794 488 2877 (utor
504 2794 605 2877 ipsius
622 2791 741 2873 verbis,
760 2791 811 2857 tl.
820 2815 852 2876 p.
864 2795 965 2872 140.):
983 2792 1074 2874 „Das
1090 2791 1287 2874 Ungeheuer

215 2908 389 2963 veruiistet
417 2900 475 2963 das
513 2898 607 2961 Land
639 2921 673 2962 so
715 2898 827 2983 lange,
872 2897 922 2961 bis
961 2899 1020 2963 auf
1052 2897 1187 2964 Geheiss
1226 2900 1286 2964 des

214 3002 353 3069 Orakels
387 3006 440 3070 die
464 3005 717 3090 Kdnigstochter
756 3005 961 3090 ausgeliefert
995 3006 1116 3088 wird‘,
1148 3015 1180 3070 et
1203 3009 1288 3087 „wir

212 3109 321 3175 haben
353 3135 413 3175 uns
442 3112 508 3176 also
539 3112 593 3175 die
616 3111 731 3176 Eltern
754 3111 813 3174 der
835 3111 961 3197 Psyche
984 3114 1019 3176 in
1045 3113 1123 3176 «der
1148 3111 1286 3199 Gegend

303 3397 346 3459 13)
365 3395 400 3449 cf.
424 3398 542 3449 metam.
563 3393 616 3461 vl,
643 3394 688 3448 13¹:
717 3389 780 3448 'nec
807 3409 854 3447 me
882 3395 1022 3464 praeterit
1050 3395 1136 3450 huius
1165 3412 1283 3466 quoqu·

212 3482 283 3537 facti
302 3486 406 3540 auctor
423 3478 612 3540 amitternum
634 3487 665 3538 et
683 3481 730 3536 VI.
751 3484 793 3538 10.

304 3572 354 3638 14).
369 3571 441 3628 Dice
462 3572 499 3627 de
517 3574 657 3628 venatore
676 3569 864 3626 adulescente
887 3575 917 3627 et
940 3571 977 3626 de
995 3572 1102 3627 iurene
1118 3573 1284 3642 negotianti

213 3659 343 3728 (metam.
362 3660 395 3716 V.
415 3662 441 3730 8,
461 3661 516 3727 15)

302 3750 347 3816 15)
368 3749 402 3803 cf.
420 3743 514 3820 ‘Asbj.
534 3752 564 3803 et
582 3744 665 3816 Moe,’
686 3765 713 3819 p.
735 3749 795 3805 108.

303 3838 346 3902 16)
365 3837 400 3891 cf.
418 3831 785 3892 ‘Damk'ehler-Weinhold.
804 3835 822 3890 l.
842 3832 867 3889 l.’
888 3853 916 3907 p.
937 3839 997 3893 193.

303 3925 347 3996 Π)
366 3925 451 3980 Bone
468 3925 523 3980 hac
543 3925 580 3980 dc
598 3941 629 3980 ro
649 3925 879 3995 disputationem
904 3926 951 3996 (cf.
968 3920 1185 3995 ‘Programma’,
1204 3923 1282 3980 Galle

213 4013 292 4080 1817,
311 4031 345 4085 p.
361 4017 400 4071 13
408 4017 485 4085 sqq.)
505 4013 739 4085 praomrmittare
757 4013 833 4084 licet,
853 4015 922 4084 quia
934 4013 1140 4069 Friedlaender
1158 4013 1281 4082 singulis

212 4101 300 4158 robus
318 4102 438 4159 uomitu
458 4102 666 4159 damnandis
685 4102 730 4157 vot
757 4103 856 4174 aliqua
874 4106 957 4174 parte
976 4103 1141 4158 emendatis
1162 4100 1195 4156 in
1218 4102 1282 4156 uni-

212 4206 330 4245 versum
349 4208 417 4246 enm
436 4192 569 4263 sequitur
588 4191 640 4262 (ci.
652 4186 858 4262 ‘Sittengescn
875 4187 928 4259 1⁶²,
949 4208 978 4262 ρ.
991 4193 1044 4247 538
1063 4195 1118 4262 σᾳ)
