2896 5054
608 509 830 573 -53-

221 1130 275 1200 IV,
304 1132 347 1189 28.
392 1130 513 1201 Iamque
544 1130 692 1202 proximas

184 1221 319 1277 civitatee
360 1261 403 1276 ...
428 1222 507 1274 iama
525 1223 693 1291 pervaserat

185 1310 271 1364 doum
400 1310 459 1364 iam
490 1309 617 1364 numinis
649 1309 693 1363 eui

184 1399 298 1470 passim
317 1399 428 1454 tributa
440 1400 524 1453 venia
541 1399 571 1453 in
590 1397 694 1453 mediis

185 1489 352 1544 conversari
370 1488 472 1559 popuii
491 1487 630 1543 coetibus.

222 1575 271 1644 IV,
289 1579 332 1632 29.
370 1577 418 1632 Sic
434 1577 610 1632 immensum
628 1592 693 1646 pro·

186 1667 265 1722 cedit
282 1667 311 1720 in
326 1667 390 1722 dies
403 1666 510 1738 opinio,
530 1665 572 1721 eic
583 1665 694 1720 insulae

187 1757 246 1811 iam
266 1772 426 1827 proxumas
450 1759 480 1810 et
503 1760 597 1809 terrae
616 1753 694 1823 plue·

188 1847 284 1901 culum
307 1845 531 1920 provinciaeque
554 1842 694 1914 plurimae

188 1936 266 1990 tama
292 1937 477 2005 pervagatur.
525 1931 586 1988 lam
611 1930 695 1986 multi

189 2023 355 2078 mortalium
373 2022 467 2094 longia
486 2021 640 2077 itineribus
652 2063 657 2073 .
669 2066 676 2079 .
688 2065 693 2078 .

187 2113 226 2168 ad
244 2113 353 2169 saeculi
371 2111 519 2183 specimen
536 2110 695 2182 gloriosum

188 2201 381 2259 confluebant.

226 2379 338 2446 1v‚29.
374 2378 489 2434 Puellae
514 2378 696 2449 supplicatur

193 2473 223 2522 ct
250 2468 280 2522 in
307 2467 441 2523 humanis
466 2467 597 2523 vultibus
625 2465 698 2520 deae

193 2559 292 2611 tantae
310 2557 431 2612 numina
448 2556 609 2627 placantur.

227 2912 276 2978 IV,
288 2915 331 2969 32.
368 2911 409 2964 Ut
419 2911 605 2967 simulacrum
616 2911 699 2966 fabre

194 2999 320 3071 politum
332 2997 476 3053 mirantur
493 2999 595 3053 'omnes
611 2999 698 3070 «Psy-

192 3088 309 3144 cham».

226 3176 275 3246 IV,
296 3177 339 3231 aa.
361 3175 489 3233 Sic...
520 3174 698 3233 miserrimus

189 3270 275 3339 pater
293 3305 384 3325 .....
411 3264 458 3319 dei
490 3263 590 3320 anesii
616 3269 698 3322 vetu-

191 3355 354 3410 stissimum
383 3357 574 3425 percontatur
596 3372 697 3411 oracu-

190 3443 581 3516 lum....et...ingratae
592 3445 697 3516 virgini

192 3530 268 3602 petit
285 3532 404 3603 nuptias
423 3535 453 3588 et
470 3534 617 3592 maritum.

225 3707 272 3779 IV,
292 3711 334 3765 33.
373 3708 431 3765 Sed
444 3711 523 3768 dirae
537 3712 625 3769 sortis
636 3713 696 3769 iam

189 3801 296 3869 urguet
314 3801 410 3856 taeter
429 3802 559 3857 effectus.

223 3886 272 3958 IV,
291 3891 334 3944 34.
371 3889 441 3961 Ipsa
453 3889 575 3946 illafilia
588 3891 695 3948 talibus

786 684 925 745 Chariton
933 693 973 741 .A.
990 685 1013 754 Ι,
1033 688 1075 741 16.
1113 689 1208 739 πολλοὶ
1224 686 1256 739 δὲ

750 775 804 828 τῶν
816 771 962 846 παρόντων
974 779 1021 827 καὶ
1038 769 1256 847 προσεκύνησαν.

750 864 796 931 (of.
816 864 905 919 etiam
923 870 956 923 Ε.
975 863 1026 933 ΙΙΙ,
1047 865 1082 934 9.)

785 952 919 1024 Xenoph.
949 960 986 1007 A.
1016 951 1059 1021 II,
1090 954 1115 1006 Ι.
1158 969 1256 1023 προσε-

750 1035 874 1110 κύνησαν
892 1037 927 1103 ὡς
941 1037 1073 1114 Ἄρτεμιν.

785 1131 923 1187 Chariton
941 1132 1083 1194 Α,14,1.
1129 1133 1185 1182 Καὶ
1205 1125 1258 1199 γὰρ

751 1212 785 1287 ἦν
812 1241 853 1280 τις
880 1219 973 1290 λόγος,
1008 1223 1038 1275 έν
1072 1225 1131 1280 τοῖς
1163 1214 1258 1291 ἀγροῖς

748 1307 912 1382 Ἀφροδίτην
965 1313 1168 1381 ἐπιφαίνεσθαι
1211 1306 1257 1377 (of.

750 1400 839 1456 etiam
856 1406 892 1453 Α.
905 1398 928 1467 Ι,
943 1402 967 1461 1,
987 1406 1021 1454 B.
1035 1397 1071 1461 ΙΙ,
1090 1400 1115 1466 6,
1135 1404 1167 1452 Ε.
1181 1399 1205 1451 9.
1221 1398 1256 1464 l).

786 1577 923 1632 Chariton
942 1583 1006 1637 AI,
1027 1577 1050 1631 l.
1082 1570 1203 1648 φήμηδὲ
1224 1615 1230 1627 .
1250 1617 1258 1633 .

751 1667 896 1736 πανταχοῦ
928 1664 1050 1735 διέτρεχε
1070 1704 1184 1722 .....
1212 1666 1258 1715 καὶ

749 1756 903 1827 μνηστῆρες
930 1757 1076 1824 κατέρρεον
1103 1757 1143 1812 εἰς
1167 1759 1258 1822 Συρα-

750 1840 851 1905 κοίσας
869 1884 877 1899 .
896 1884 902 1896 .
924 1882 957 1900 ..
989 1837 1039 1895 οὗκ
1068 1843 1097 1894 ἐκ
1127 1844 1257 1899 Σικελίας

749 1929 847 2005 μόνον,
868 1928 936 1987 ἀλλὰ
955 1936 1002 1985 καὶ
1027 1933 1056 1992 ἐξ
1072 1925 1193 1988 Ἰταλίας
1211 1931 1258 1981 καὶ

749 2016 880 2096 Ἠπείρου
920 2025 967 2074 καὶ
1009 2015 1099 2088 νήσων
1140 2020 1195 2072 τῶν
1228 2020 1258 2071 ἐν

750 2108 877 2181 Ἠπείρῳ.

784 2198 987 2271 XenophonA.
1000 2199 1041 2266 12,
1053 2199 1076 2255 1,
1096 2192 1153 2250 ἀλλ’
1167 2200 1194 2249 οἱ
1205 2197 1260 2268 μὲν

750 2289 845 2358 ἔλεγον
857 2290 1013 2361 ἐπιδημίαν
1025 2289 1112 2342 θεῶν.
1126 2329 1133 2345 .
1149 2292 1183 2338 Α.
1196 2283 1219 2338 Ι.
1232 2284 1256 2338 3.

752 2385 902 2450 προσεῖχον
911 2378 930 2430 δ
932 2379 944 2430 t
953 2371 1053 2444 ὠςθεῴ
1063 2377 1099 2444 τη]
1108 2378 1256 2446 μειρακίῳ.

751 2473 800 2520 καί
811 2473 881 2522 εἰσιν
893 2461 946 2536 ἤδη
960 2470 1040 2530 τινές,
1060 2467 1087 2518 οἳ
1103 2468 1149 2517 καὶ
1162 2480 1260 2533 προσε-

752 2552 875 2624 κύνησαν
894 2549 1001 2616 Ῑδὸντες
1013 2558 1060 2608 καὶ
1074 2544 1259 2625 προσεδξαντο

753 2646 799 2717 (cf.
819 2645 908 2700 etiam
925 2652 962 2698 A.
974 2642 996 2714 Ι,
1016 2643 1042 2713 6)
1075 2642 1122 2714 (cf.
1140 2635 1260 2709 ‘Rohde‚

752 2735 770 2789 l.
789 2729 825 2802 l.'‚
853 2750 881 2805 p.
903 2736 963 2804 152,
983 2737 1011 2800 13
1038 2727 1159 2790 ‘Dictae
1188 2723 1259 2796 1.1.’‚

752 2840 781 2894 p.
801 2825 863 2890 139,
883 2823 920 2894 9).

787 2912 916 2968 Achilles
944 2911 1046 2966 'l'atiue
1078 2916 1110 2962 E.
1145 2907 1200 2975 XI,
1234 2911 1259 2963 5.

754 2999 823 3058 ἰδὼν
842 2997 928 3070 αὐτὴν
947 3006 1036 3061 εἴποις
1058 2993 1123 3055 «ἂν»
1146 2991 1259 3070 ἄγαλμα

753 3093 799 3162 (cf.
818 3092 906 3146 etiam
925 3090 1060 3161 Xenoph.
1078 3096 1105 3142 A
1124 3087 1145 3151 I,
1165 3088 1199 3153 6).

787 3180 953 3251 Xenophon
983 3187 1018 3233 A.
1047 3178 1086 3246 V,
1114 3178 1138 3232 9.
1185 3180 1261 3235 τέλος

753 3270 782 3323 δὲ
803 3275 964 3342 πέμπουσιν
991 3272 1018 3321 οἱ
1034 3272 1149 3336 πατέρες
1169 3266 1260 3318 ἑκατέ-

752 3379 806 3428 ροιν
821 3365 862 3419 εἰς
884 3360 952 3412 θεοῦ
969 3349 1191 3431 μαντευσόμενοι
1210 3349 1261 3418 την

752 3453 845 3503 αἰτίαν
856 3449 903 3516 τῆς
923 3440 1007 3503 νόσου
1023 3451 1070 3501 καὶ
1080 3440 1260 3514 timonatic-

751 3533 812 3609 γῆν.
832 3537 893 3609 (cfr.
913 3537 1002 3593 etiam
1019 3536 1123 3592 Achill.
1142 3535 1206 3590 Tat.
1226 3540 1260 3587 B.

752 3629 848 3698 14,1).

785 3716 952 3789 Xenophon
983 3723 1017 3769 A.
1048 3715 1090 3779 10,
1120 3716 1145 3769 2.
1201 3706 1258 3765 ἀλλ’

751 3801 815 3877 οὐχὶ
843 3801 875 3860 τὸ
904 3809 1074 3878 εἱμαρμένον
1099 3807 1260 3858 ἕτετέλεστο.

787 3894 926 3951 Chariton
955 3917 972 3960 ς
1007 3897 1037 3964 6,
1068 3897 1094 3950 3.
1150 3895 1259 3965 ἔρρωσο,

188 3992 239 4031 eos
261 3977 436 4034 adhortatur
453 3980 591 4036 vocibus:
613 3975 695 4052 ‘quid
750 3980 850 4057 πάτερ,
874 3989 918 4037 καὶ
934 3977 980 4050 οὑ,
999 3985 1086 4058 μῆτερ
1104 3987 1148 4037 καὶ
1170 3987 1260 4053 Συρο-

187 4065 331 4122 infolicem
350 4071 499 4124 senectam
516 4068 590 4125 fletu
609 4069 695 4126 diuti·
749 4074 849 4126 κοῦσαι
861 4079 962 4146 πατρίς
981 4091 987 4104 ·
1008 4069 1096 4128 οὐκέτι
1115 4068 1169 4146 γὰρ
1188 4064 1261 4142 ὑμᾶς

187 4171 225 4209 no
244 4154 398 4212 curciatis?
412 4199 417 4210 .
432 4196 460 4213 ..
479 4158 586 4217 haec..
610 4158 695 4214 robis
732 4172 734 4178 ·
749 4152 865 4233 ὄψομαι.
877 4159 962 4218 Νῦνᾰ
967 4186 980 4225 ς
990 4159 1098 4230 ἀληθῶς
1107 4152 1259 4233 Καλλιρρόη

187 4244 320 4316 egregiae
360 4245 572 4303 formonsitatie
611 4263 695 4303 meae
749 4250 886 4318 τέθνηκεν.
942 4251 1077 4322 Xenoph.
1105 4256 1136 4303 Ε.
1165 4248 1203 4316 V,
1235 4250 1259 4301 5.
