2896 5054
707 1529 833 1609 vita.

325 1718 563 1785 Gualterus
597 1723 761 1788 Henricus
800 1722 962 1788 Antonius
990 1724 1169 1791 Schaller
1208 1740 1307 1794 natus

235 1849 306 1889 sum
341 1825 567 1892 Glauchaviae
603 1851 687 1892 anno
728 1851 759 1913 p.
790 1829 865 1894 Chr.
896 1854 926 1894 n.
959 1833 1044 1897 1876
1082 1833 1187 1916 pridie
1229 1834 1308 1899 Non

234 1934 309 2015 Jan.
339 1945 430 2018 patre
454 1934 596 1999 Antonio
629 1935 697 1998 ludi
720 1937 869 2020 magistri
895 1959 1030 2002 munere
1054 1938 1305 2007 Glauchauviae

233 2040 407 2125 fungente,
457 2053 560 2105 matre
611 2041 772 2106 Mathilda
824 2042 864 2107 de
915 2056 1013 2128 gente
1066 2045 1154 2130 Eger
1206 2070 1305 2131 quam

233 2149 365 2211 ineunte
390 2170 475 2211 anno
501 2149 589 2214 1900
612 2146 822 2212 acerbissima
846 2161 949 2214 morte
973 2150 1054 2213 mihi
1077 2163 1223 2236 ereptam
1237 2178 1306 2218 esse

235 2253 445 2320 vehementer
484 2255 589 2338 lugeo.
651 2255 746 2318 Fidei
784 2255 933 2319 addictus
979 2281 1049 2321 sum
1084 2261 1304 2344 evangelicae.

233 2361 432 2425 Litterarum
461 2362 647 2445 primordiis
671 2363 849 2426 instructus
874 2385 932 2447 per
955 2376 1022 2427 tres
1038 2387 1139 2428 annos
1164 2365 1305 2431 scholam

233 2466 353 2531 realem
388 2489 471 2551 quae
511 2479 648 2531 vocatur
681 2466 904 2533 Glauchaviae
939 2470 1152 2554 frequentavi.
1207 2473 1303 2538 Anno

233 2597 263 2659 p.
288 2573 363 2637 Chr.
388 2575 532 2639 n.1889.
564 2574 630 2636 adii
650 2576 854 2659 gymnasium
881 2575 1081 2660 Cycneense,
1106 2578 1193 2660 quod
1202 2579 1301 2641 Bern-

233 2679 334 2744 hardo
370 2679 472 2743 Gerth
507 2691 635 2746 rectore
667 2681 771 2746 floret.
825 2680 962 2746 Ineunte
996 2705 1073 2746 vere
1106 2685 1184 2746 anni
1216 2686 1301 2750 1895

234 2788 430 2851 maturitatis
455 2788 673 2851 testimonium
698 2788 835 2872 adeptus
850 2788 981 2872 Lipsiae
1005 2789 1165 2873 stipendia
1187 2790 1297 2852 merui.

233 2894 363 2957 Deinde
386 2896 421 2957 in
443 2893 639 2979 philologica
662 2895 865 2978 potissimum
889 2895 998 2957 studia
1013 2895 1156 2959 incubui.
1193 2895 1301 2958 Docu-

234 3011 328 3064 erunt
352 3022 403 3062 me
427 3001 490 3063 viri
513 2999 719 3062 illustrissimi
736 3000 776 3063 de
792 2999 935 3081 Bahder,
959 3000 1163 3086 Brugmann,
1187 3000 1301 3064 0111110-

233 3108 311 3188 rius,
329 3105 566 3185 Gardthausen,
583 3106 717 3186 Heinze,
734 3104 827 3187 Holz,
839 3107 860 3170 J
863 3106 1010 3188 mmisch,
1026 3108 1166 3191 Lipsius,
1176 3108 1303 3191 Mayer,

232 3212 385 3276 Ribbeck
410 3210 474 3298 (†),
498 3212 643 3293 Richter,
653 3212 826 3294 Scheffers,
851 3211 995 3294 Sievers,
1011 3212 1304 3293 Volkelt,lVachs-

232 3318 335 3401 muth,
364 3319 498 3383 Wundt.
546 3320 777 3383 Proseminarii
807 3319 901 3402 Regii
930 3318 1115 3404 philologici
1148 3319 1304 3402 auspiciis

233 3426 417 3489 Jmmischii
440 3448 498 3510 per
522 3426 585 3488 duo
599 3426 764 3488 semestris
782 3425 899 3489 sodalis
912 3425 969 3506 fui,
994 3448 1053 3510 per
1069 3448 1168 3489 unum
1179 3425 1302 3507 senior,

234 3529 522 3596 exercitationibus
550 3533 715 3595 seminarii
743 3532 839 3616 Regii
872 3531 1056 3616 philologici
1086 3532 1220 3595 interfui
1244 3553 1304 3615 per

232 3640 295 3702 tria
323 3641 509 3719 semestris,
538 3661 595 3723 per
622 3639 752 3701 tertium
779 3639 893 3702 senior.
940 3638 980 3702 In
1004 3639 1176 3701 seminario
1200 3637 1304 3721 Regio

233 3747 384 3811 historico
395 3744 583 3829 regentibus
603 3744 860 3826 Wachsmuthio,
878 3745 1039 3826 Cichorio,
1051 3741 1303 3807 Gardthauseno

233 3877 292 3938 per
321 3854 497 3916 triennium
529 3851 644 3915 litteris
679 3875 800 3915 vacare
825 3852 904 3914 mihi
928 3852 1027 3914 licuit.
1076 3850 1302 3932 Paedagogico

235 3961 407 4023 seminario
439 3968 475 4020 ut
514 3979 571 4042 per
604 3980 725 4020 annum
755 3958 959 4022 adscriberer
982 3956 1127 4019 Richteri
1151 3957 1302 4019 comitate

234 4067 423 4150 permissum
466 4074 523 4128 est.
569 4063 616 4126 Ut
653 4063 859 4127 societatibus
901 4066 1089 4127 interessem
1123 4060 1303 4124 liberaliter

234 4170 314 4235 mihi
331 4181 559 4236 concesserunt
569 4171 708 4254 Lipsius,
724 4169 904 4251 Cichorius,
916 4168 1154 4233 Gardthausen.
1173 4167 1302 4246 Quibus

234 4277 382 4342 omnibus
422 4279 501 4343 viris
537 4278 741 4358 doctissimis,
777 4278 937 4361 imprimis
982 4276 1103 4360 Lipsio,
1137 4273 1300 4352 Oichorio,
