<?xml version="1.0" encoding="UTF-8"?>
<!DOCTYPE html PUBLIC "-//W3C//DTD XHTML 1.0 Transitional//EN"
    "http://www.w3.org/TR/xhtml1/DTD/xhtml1-transitional.dtd">
<html xmlns="http://www.w3.org/1999/xhtml" xml:lang="en" lang="en">
 <head>
  <title>
</title>
<meta http-equiv="Content-Type" content="text/html;charset=utf-8" />
  <meta name='ocr-system' content='tesseract 3.04.00' />
  <meta name='ocr-capabilities' content='ocr_page ocr_carea ocr_par ocr_line ocrx_word'/>
</head>
<body>
  <div class='ocr_page' id='page_1' title='image "./defabulaapuleia00apulgoog_0019.png"; bbox 0 0 2896 5054; ppageno 0'>
   <div class='ocr_carea' id='block_1_1' title="bbox 650 459 869 522">
    <p class='ocr_par' dir='ltr' id='par_1_1' title="bbox 650 459 869 522">
     <span class='ocr_line' id='line_1_1' title="bbox 650 459 869 522; baseline 0 -20"><span class='ocrx_word' id='word_1_1' title='bbox 650 459 869 522; x_wconf 64' lang='lat'>-14...</span> 
     </span>
    </p>
   </div>
   <div class='ocr_carea' id='block_1_2' title="bbox 228 632 1376 934">
    <p class='ocr_par' dir='ltr' id='par_1_2' title="bbox 228 632 1376 934">
     <span class='ocr_line' id='line_1_2' title="bbox 229 632 1301 722; baseline 0.005 -25"><span class='ocrx_word' id='word_1_2' title='bbox 229 657 302 697; x_wconf 88' lang='lat' dir='ltr'>eum</span> <span class='ocrx_word' id='word_1_3' title='bbox 327 636 398 719; x_wconf 88' lang='lat' dir='ltr'>regi</span> <span class='ocrx_word' id='word_1_4' title='bbox 421 634 548 699; x_wconf 87' lang='lat' dir='ltr'>dilucet.</span> <span class='ocrx_word' id='word_1_5' title='bbox 563 672 602 679; x_wconf 90' lang='lat'>—</span> <span class='ocrx_word' id='word_1_6' title='bbox 620 633 658 696; x_wconf 94' lang='lat' dir='ltr'>ln</span> <span class='ocrx_word' id='word_1_7' title='bbox 683 632 829 697; x_wconf 91' lang='lat' dir='ltr'>omnibus</span> <span class='ocrx_word' id='word_1_8' title='bbox 845 633 912 697; x_wconf 84' lang='lat' dir='ltr'>fere</span> <span class='ocrx_word' id='word_1_9' title='bbox 928 633 1055 699; x_wconf 85' lang='lat' dir='ltr'>fabellis</span> <span class='ocrx_word' id='word_1_10' title='bbox 1071 636 1301 722; x_wconf 68' lang='lat' dir='ltr'>popularibus,</span> 
     </span>
     <span class='ocr_line' id='line_1_3' title="bbox 228 739 1376 829; baseline 0.003 -25"><span class='ocrx_word' id='word_1_11' title='bbox 228 763 310 825; x_wconf 90' lang='lat' dir='ltr'>quas</span> <span class='ocrx_word' id='word_1_12' title='bbox 327 739 472 823; x_wconf 78' lang='lat' dir='ltr'>Kuhn²⁸)</span> <span class='ocrx_word' id='word_1_13' title='bbox 489 739 743 804; x_wconf 81' lang='lat' dir='ltr'>Friedlaendeto</span> <span class='ocrx_word' id='word_1_14' title='bbox 760 751 893 804; x_wconf 90' lang='lat' dir='ltr'>auctore</span> <span class='ocrx_word' id='word_1_15' title='bbox 909 740 1048 827; x_wconf 77' lang='lat' dir='ltr'>collegit,</span> <span class='ocrx_word' id='word_1_16' title='bbox 1072 742 1169 808; x_wconf 91' lang='lat' dir='ltr'>belua</span> <span class='ocrx_word' id='word_1_17' title='bbox 1192 767 1290 829; x_wconf 48' lang='lat' dir='ltr'>quaes</span> <span class='ocrx_word' id='word_1_18' title='bbox 1373 802 1376 807; x_wconf 83' lang='grc'><em>,</em></span> 
     </span>
     <span class='ocr_line' id='line_1_4' title="bbox 229 845 1291 934; baseline 0.005 -24"><span class='ocrx_word' id='word_1_19' title='bbox 229 848 302 910; x_wconf 91' lang='lat' dir='ltr'>dam</span> <span class='ocrx_word' id='word_1_20' title='bbox 336 845 478 931; x_wconf 91' lang='lat' dir='ltr'>puellam</span> <span class='ocrx_word' id='word_1_21' title='bbox 509 848 544 909; x_wconf 92' lang='lat' dir='ltr'>in</span> <span class='ocrx_word' id='word_1_22' title='bbox 572 868 680 911; x_wconf 90' lang='lat' dir='ltr'>arcem</span> <span class='ocrx_word' id='word_1_23' title='bbox 718 860 809 910; x_wconf 87' lang='lat' dir='ltr'>suam</span> <span class='ocrx_word' id='word_1_24' title='bbox 842 846 984 912; x_wconf 90' lang='lat' dir='ltr'>abducit.</span> <span class='ocrx_word' id='word_1_25' title='bbox 1023 849 1130 913; x_wconf 89' lang='lat' dir='ltr'>Noctu</span> <span class='ocrx_word' id='word_1_26' title='bbox 1164 850 1291 934; x_wconf 93' lang='lat' dir='ltr'>puellae</span> 
     </span>
    </p>
   </div>
   <div class='ocr_carea' id='block_1_3' title="bbox 120 938 1291 1038">
    <p class='ocr_par' dir='ltr' id='par_1_3' title="bbox 120 938 1291 1038">
     <span class='ocr_line' id='line_1_5' title="bbox 120 938 1291 1038; baseline 0.006 -23"><span class='ocrx_word' id='word_1_27' title='bbox 120 950 121 954; x_wconf 66' lang='grc'>’</span> <span class='ocrx_word' id='word_1_28' title='bbox 194 938 197 942; x_wconf 34' lang='lat'><em>⁴</em></span> <span class='ocrx_word' id='word_1_29' title='bbox 227 953 347 1016; x_wconf 87' lang='lat' dir='ltr'>lectum</span> <span class='ocrx_word' id='word_1_30' title='bbox 376 953 563 1017; x_wconf 77' lang='lat' dir='ltr'>adulescens</span> <span class='ocrx_word' id='word_1_31' title='bbox 588 953 783 1025; x_wconf 80' lang='lat' dir='ltr'>conscendit,</span> <span class='ocrx_word' id='word_1_32' title='bbox 817 955 879 1038; x_wconf 87' lang='lat' dir='ltr'>qui,</span> <span class='ocrx_word' id='word_1_33' title='bbox 908 977 949 1018; x_wconf 94' lang='lat' dir='ltr'>ne</span> <span class='ocrx_word' id='word_1_34' title='bbox 974 956 1100 1019; x_wconf 89' lang='lat' dir='ltr'>curiosa</span> <span class='ocrx_word' id='word_1_35' title='bbox 1124 956 1291 1021; x_wconf 86' lang='lat' dir='ltr'>deforma</span> 
     </span>
    </p>
   </div>
   <div class='ocr_carea' id='block_1_4' title="bbox 189 1050 1300 3497">
    <p class='ocr_par' dir='ltr' id='par_1_4' title="bbox 189 1050 1300 2639">
     <span class='ocr_line' id='line_1_6' title="bbox 189 1050 1292 1144; baseline 0.005 -21"><span class='ocrx_word' id='word_1_36' title='bbox 189 1050 191 1054; x_wconf 10' lang='grc' dir='ltr'><em>Α</em></span> <span class='ocrx_word' id='word_1_37' title='bbox 228 1080 287 1123; x_wconf 89' lang='lat' dir='ltr'>sua</span> <span class='ocrx_word' id='word_1_38' title='bbox 310 1068 480 1136; x_wconf 82' lang='lat' dir='ltr'>scrutetur,</span> <span class='ocrx_word' id='word_1_39' title='bbox 504 1059 645 1144; x_wconf 82' lang='lat' dir='ltr'>puellam</span> <span class='ocrx_word' id='word_1_40' title='bbox 669 1069 788 1142; x_wconf 69' lang='lat' dir='ltr'>monet,</span> <span class='ocrx_word' id='word_1_41' title='bbox 816 1059 1005 1125; x_wconf 82' lang='lat' dir='ltr'>adulescens</span> <span class='ocrx_word' id='word_1_42' title='bbox 1029 1072 1136 1126; x_wconf 89' lang='lat' dir='ltr'>autem</span> <span class='ocrx_word' id='word_1_43' title='bbox 1152 1065 1292 1128; x_wconf 89' lang='lat' dir='ltr'>anescio</span> 
     </span>
     <span class='ocr_line' id='line_1_7' title="bbox 229 1165 1291 1251; baseline 0.005 -22"><span class='ocrx_word' id='word_1_44' title='bbox 229 1188 291 1251; x_wconf 93' lang='lat' dir='ltr'>quo</span> <span class='ocrx_word' id='word_1_45' title='bbox 324 1187 418 1250; x_wconf 89' lang='lat' dir='ltr'>mago</span> <span class='ocrx_word' id='word_1_46' title='bbox 441 1167 476 1228; x_wconf 91' lang='lat' dir='ltr'>in</span> <span class='ocrx_word' id='word_1_47' title='bbox 498 1165 637 1230; x_wconf 89' lang='lat' dir='ltr'>bestiam</span> <span class='ocrx_word' id='word_1_48' title='bbox 660 1166 801 1231; x_wconf 87' lang='lat' dir='ltr'>mutatus</span> <span class='ocrx_word' id='word_1_49' title='bbox 822 1178 887 1250; x_wconf 35' lang='lat' dir='ltr'>‚est3</span> <span class='ocrx_word' id='word_1_50' title='bbox 926 1168 1070 1233; x_wconf 86' lang='lat' dir='ltr'>interdiu</span> <span class='ocrx_word' id='word_1_51' title='bbox 1093 1179 1141 1234; x_wconf 89' lang='lat' dir='ltr'>est</span> <span class='ocrx_word' id='word_1_52' title='bbox 1163 1169 1214 1234; x_wconf 90' lang='lat' dir='ltr'>leo</span> <span class='ocrx_word' id='word_1_53' title='bbox 1237 1171 1291 1234; x_wconf 83' lang='lat' dir='ltr'>vel</span> 
     </span>
     <span class='ocr_line' id='line_1_8' title="bbox 227 1272 1291 1357; baseline 0.005 -22"><span class='ocrx_word' id='word_1_54' title='bbox 227 1291 321 1336; x_wconf 87' lang='lat' dir='ltr'>ursus</span> <span class='ocrx_word' id='word_1_55' title='bbox 353 1272 406 1337; x_wconf 86' lang='lat' dir='ltr'>vel</span> <span class='ocrx_word' id='word_1_56' title='bbox 432 1292 566 1357; x_wconf 86' lang='lat' dir='ltr'>serpens</span> <span class='ocrx_word' id='word_1_57' title='bbox 594 1272 648 1337; x_wconf 84' lang='lat' dir='ltr'>vel</span> <span class='ocrx_word' id='word_1_58' title='bbox 672 1272 736 1336; x_wconf 88' lang='lat' dir='ltr'>alia</span> <span class='ocrx_word' id='word_1_59' title='bbox 758 1273 870 1354; x_wconf 88' lang='lat' dir='ltr'>belua,</span> <span class='ocrx_word' id='word_1_60' title='bbox 900 1285 994 1339; x_wconf 85' lang='lat' dir='ltr'>nocte</span> <span class='ocrx_word' id='word_1_61' title='bbox 1017 1276 1120 1343; x_wconf 87' lang='lat' dir='ltr'>homo.</span> <span class='ocrx_word' id='word_1_62' title='bbox 1167 1276 1234 1357; x_wconf 75' lang='lat' dir='ltr'>Qui</span> <span class='ocrx_word' id='word_1_63' title='bbox 1255 1277 1291 1340; x_wconf 92' lang='lat' dir='ltr'>id</span> 
     </span>
     <span class='ocr_line' id='line_1_9' title="bbox 228 1378 1289 1468; baseline 0.005 -26"><span class='ocrx_word' id='word_1_64' title='bbox 228 1380 428 1463; x_wconf 85' lang='lat' dir='ltr'>potissimum</span> <span class='ocrx_word' id='word_1_65' title='bbox 452 1380 528 1463; x_wconf 88' lang='lat' dir='ltr'>agit,</span> <span class='ocrx_word' id='word_1_66' title='bbox 557 1390 593 1442; x_wconf 89' lang='lat' dir='ltr'>ut</span> <span class='ocrx_word' id='word_1_67' title='bbox 622 1378 743 1443; x_wconf 84' lang='lat' dir='ltr'>auxilio</span> <span class='ocrx_word' id='word_1_68' title='bbox 772 1390 880 1445; x_wconf 90' lang='lat' dir='ltr'>castae</span> <span class='ocrx_word' id='word_1_69' title='bbox 904 1404 943 1445; x_wconf 90' lang='lat' dir='ltr'>ac</span> <span class='ocrx_word' id='word_1_70' title='bbox 966 1382 1131 1447; x_wconf 81' lang='lat' dir='ltr'>modestae</span> <span class='ocrx_word' id='word_1_71' title='bbox 1154 1382 1289 1468; x_wconf 91' lang='lat' dir='ltr'>puellae,</span> 
     </span>
     <span class='ocr_line' id='line_1_10' title="bbox 229 1485 1290 1574; baseline 0.004 -25"><span class='ocrx_word' id='word_1_72' title='bbox 229 1508 326 1570; x_wconf 84' lang='lat' dir='ltr'>quam</span> <span class='ocrx_word' id='word_1_73' title='bbox 356 1504 490 1550; x_wconf 85' lang='lat' dir='ltr'>uxorem</span> <span class='ocrx_word' id='word_1_74' title='bbox 519 1485 617 1569; x_wconf 88' lang='lat' dir='ltr'>eligit,</span> <span class='ocrx_word' id='word_1_75' title='bbox 650 1486 787 1550; x_wconf 85' lang='lat' dir='ltr'>formam</span> <span class='ocrx_word' id='word_1_76' title='bbox 814 1486 989 1554; x_wconf 85' lang='lat' dir='ltr'>humanam</span> <span class='ocrx_word' id='word_1_77' title='bbox 1011 1490 1155 1574; x_wconf 88' lang='lat' dir='ltr'>recipiat.</span> <span class='ocrx_word' id='word_1_78' title='bbox 1202 1491 1290 1553; x_wconf 88' lang='lat' dir='ltr'>Hinc</span> 
     </span>
     <span class='ocr_line' id='line_1_11' title="bbox 227 1575 1291 1681; baseline 0.006 -27"><span class='ocrx_word' id='word_1_79' title='bbox 227 1591 307 1656; x_wconf 92' lang='lat' dir='ltr'>illud</span> <span class='ocrx_word' id='word_1_80' title='bbox 335 1601 554 1677; x_wconf 87' lang='lat' dir='ltr'>praeceptum,</span> <span class='ocrx_word' id='word_1_81' title='bbox 595 1614 658 1676; x_wconf 92' lang='lat' dir='ltr'>quo</span> <span class='ocrx_word' id='word_1_82' title='bbox 687 1594 857 1678; x_wconf 89' lang='lat' dir='ltr'>coniugem</span> <span class='ocrx_word' id='word_1_83' title='bbox 887 1575 1011 1679; x_wconf 35' lang='lat' dir='ltr'>corpus*</span> <span class='ocrx_word' id='word_1_84' title='bbox 1030 1619 1123 1660; x_wconf 91' lang='lat' dir='ltr'>suum</span> <span class='ocrx_word' id='word_1_85' title='bbox 1147 1598 1291 1681; x_wconf 86' lang='lat' dir='ltr'>aspicere</span> 
     </span>
     <span class='ocr_line' id='line_1_12' title="bbox 230 1698 1300 1784; baseline 0.006 -24"><span class='ocrx_word' id='word_1_86' title='bbox 230 1711 327 1764; x_wconf 89' lang='lat' dir='ltr'>vetat.</span> <span class='ocrx_word' id='word_1_87' title='bbox 372 1698 422 1762; x_wconf 91' lang='lat' dir='ltr'>Ne</span> <span class='ocrx_word' id='word_1_88' title='bbox 446 1699 559 1784; x_wconf 88' lang='lat' dir='ltr'>longus</span> <span class='ocrx_word' id='word_1_89' title='bbox 587 1699 659 1762; x_wconf 90' lang='lat' dir='ltr'>sim:</span> <span class='ocrx_word' id='word_1_90' title='bbox 699 1721 764 1764; x_wconf 92' lang='lat' dir='ltr'>non</span> <span class='ocrx_word' id='word_1_91' title='bbox 788 1699 901 1764; x_wconf 88' lang='lat' dir='ltr'>dubito</span> <span class='ocrx_word' id='word_1_92' title='bbox 924 1702 1122 1766; x_wconf 90' lang='lat' dir='ltr'>contendere</span> <span class='ocrx_word' id='word_1_93' title='bbox 1146 1702 1300 1783; x_wconf 80' lang='lat' dir='ltr'>alteram,</span> 
     </span>
     <span class='ocr_line' id='line_1_13' title="bbox 229 1804 1292 1893; baseline 0 -21"><span class='ocrx_word' id='word_1_94' title='bbox 229 1809 270 1872; x_wconf 92' lang='lat' dir='ltr'>de</span> <span class='ocrx_word' id='word_1_95' title='bbox 287 1829 352 1893; x_wconf 91' lang='lat' dir='ltr'>qua</span> <span class='ocrx_word' id='word_1_96' title='bbox 369 1804 506 1890; x_wconf 63' lang='lat' dir='ltr'>suprail)</span> <span class='ocrx_word' id='word_1_97' title='bbox 531 1807 612 1888; x_wconf 83' lang='lat' dir='ltr'>dixi,</span> <span class='ocrx_word' id='word_1_98' title='bbox 637 1806 805 1891; x_wconf 83' lang='lat' dir='ltr'>Cupidinis</span> <span class='ocrx_word' id='word_1_99' title='bbox 829 1817 977 1871; x_wconf 86' lang='lat' dir='ltr'>naturam</span> <span class='ocrx_word' id='word_1_100' title='bbox 992 1809 1126 1873; x_wconf 83' lang='lat' dir='ltr'>fluxisse</span> <span class='ocrx_word' id='word_1_101' title='bbox 1142 1808 1292 1874; x_wconf 88' lang='lat' dir='ltr'>efabella</span> 
     </span>
     <span class='ocr_line' id='line_1_14' title="bbox 230 1913 1292 2001; baseline 0.004 -24"><span class='ocrx_word' id='word_1_102' title='bbox 230 1913 371 1999; x_wconf 92' lang='lat' dir='ltr'>quadam</span> <span class='ocrx_word' id='word_1_103' title='bbox 407 1913 568 1998; x_wconf 85' lang='lat' dir='ltr'>populari,</span> <span class='ocrx_word' id='word_1_104' title='bbox 606 1914 640 1976; x_wconf 93' lang='lat' dir='ltr'>in</span> <span class='ocrx_word' id='word_1_105' title='bbox 672 1936 736 1998; x_wconf 89' lang='lat' dir='ltr'>qua</span> <span class='ocrx_word' id='word_1_106' title='bbox 768 1913 956 1978; x_wconf 87' lang='lat' dir='ltr'>adulescens</span> <span class='ocrx_word' id='word_1_107' title='bbox 987 1917 1076 2001; x_wconf 84' lang='lat' dir='ltr'>magi</span> <span class='ocrx_word' id='word_1_108' title='bbox 1100 1916 1153 1980; x_wconf 90' lang='lat' dir='ltr'>vel</span> <span class='ocrx_word' id='word_1_109' title='bbox 1177 1938 1292 2001; x_wconf 78' lang='lat' dir='ltr'>megae</span> 
     </span>
     <span class='ocr_line' id='line_1_15' title="bbox 230 2020 1293 2108; baseline 0.004 -26"><span class='ocrx_word' id='word_1_110' title='bbox 230 2020 399 2083; x_wconf 88' lang='lat' dir='ltr'>cuiusdam</span> <span class='ocrx_word' id='word_1_111' title='bbox 431 2029 500 2083; x_wconf 86' lang='lat' dir='ltr'>arte</span> <span class='ocrx_word' id='word_1_112' title='bbox 531 2022 565 2082; x_wconf 93' lang='lat' dir='ltr'>in</span> <span class='ocrx_word' id='word_1_113' title='bbox 598 2030 781 2104; x_wconf 87' lang='lat' dir='ltr'>serpentem</span> <span class='ocrx_word' id='word_1_114' title='bbox 813 2030 955 2085; x_wconf 85' lang='lat' dir='ltr'>mutatus</span> <span class='ocrx_word' id='word_1_115' title='bbox 986 2020 1066 2104; x_wconf 87' lang='lat' dir='ltr'>illis,</span> <span class='ocrx_word' id='word_1_116' title='bbox 1102 2022 1142 2086; x_wconf 94' lang='lat' dir='ltr'>de</span> <span class='ocrx_word' id='word_1_117' title='bbox 1174 2022 1293 2108; x_wconf 89' lang='lat' dir='ltr'>quibus</span> 
     </span>
     <span class='ocr_line' id='line_1_16' title="bbox 230 2125 1291 2213; baseline 0 -22"><span class='ocrx_word' id='word_1_118' title='bbox 230 2127 324 2191; x_wconf 92' lang='lat' dir='ltr'>modo</span> <span class='ocrx_word' id='word_1_119' title='bbox 357 2127 437 2200; x_wconf 83' lang='lat' dir='ltr'>dixi,</span> <span class='ocrx_word' id='word_1_120' title='bbox 481 2125 560 2190; x_wconf 92' lang='lat' dir='ltr'>locis</span> <span class='ocrx_word' id='word_1_121' title='bbox 593 2125 763 2211; x_wconf 81' lang='lat' dir='ltr'>Cupidinis</span> <span class='ocrx_word' id='word_1_122' title='bbox 805 2126 981 2211; x_wconf 81' lang='lat' dir='ltr'>Apuleiani</span> <span class='ocrx_word' id='word_1_123' title='bbox 1018 2139 1126 2213; x_wconf 87' lang='lat' dir='ltr'>partes</span> <span class='ocrx_word' id='word_1_124' title='bbox 1157 2140 1291 2194; x_wconf 88' lang='lat' dir='ltr'>teneret.</span> 
     </span>
     <span class='ocr_line' id='line_1_17' title="bbox 230 2233 1295 2320; baseline 0.003 -23"><span class='ocrx_word' id='word_1_125' title='bbox 230 2235 285 2298; x_wconf 75' lang='lat' dir='ltr'>Sic</span> <span class='ocrx_word' id='word_1_126' title='bbox 309 2272 349 2280; x_wconf 94' lang='lat'>—</span> <span class='ocrx_word' id='word_1_127' title='bbox 375 2233 523 2318; x_wconf 92' lang='lat' dir='ltr'>quamvis</span> <span class='ocrx_word' id='word_1_128' title='bbox 546 2255 633 2296; x_wconf 90' lang='lat' dir='ltr'>nuno</span> <span class='ocrx_word' id='word_1_129' title='bbox 656 2255 785 2318; x_wconf 91' lang='lat' dir='ltr'>quoque</span> <span class='ocrx_word' id='word_1_130' title='bbox 809 2235 926 2298; x_wconf 90' lang='lat' dir='ltr'>mirum</span> <span class='ocrx_word' id='word_1_131' title='bbox 949 2235 1157 2300; x_wconf 85' lang='lat' dir='ltr'>videatur-</span> <span class='ocrx_word' id='word_1_132' title='bbox 1175 2237 1295 2320; x_wconf 90' lang='lat' dir='ltr'>optime</span> 
     </span>
     <span class='ocr_line' id='line_1_18' title="bbox 230 2338 1294 2426; baseline 0.004 -24"><span class='ocrx_word' id='word_1_133' title='bbox 230 2340 454 2426; x_wconf 85' lang='lat' dir='ltr'>intellegimus,</span> <span class='ocrx_word' id='word_1_134' title='bbox 478 2362 535 2402; x_wconf 90' lang='lat' dir='ltr'>cur</span> <span class='ocrx_word' id='word_1_135' title='bbox 551 2338 652 2403; x_wconf 82' lang='lat' dir='ltr'>Amor</span> <span class='ocrx_word' id='word_1_136' title='bbox 667 2361 797 2424; x_wconf 87' lang='lat' dir='ltr'>serpens</span> <span class='ocrx_word' id='word_1_137' title='bbox 814 2341 954 2405; x_wconf 91' lang='lat' dir='ltr'>dicatur:</span> <span class='ocrx_word' id='word_1_138' title='bbox 976 2343 1026 2407; x_wconf 90' lang='lat' dir='ltr'>sic</span> <span class='ocrx_word' id='word_1_139' title='bbox 1040 2343 1174 2408; x_wconf 91' lang='lat' dir='ltr'>tandem</span> <span class='ocrx_word' id='word_1_140' title='bbox 1184 2352 1294 2407; x_wconf 87' lang='lat' dir='ltr'>tantae</span> 
     </span>
     <span class='ocr_line' id='line_1_19' title="bbox 232 2445 1294 2532; baseline 0.002 -22"><span class='ocrx_word' id='word_1_141' title='bbox 232 2447 480 2531; x_wconf 85' lang='lat' dir='ltr'>discrepantiae,</span> <span class='ocrx_word' id='word_1_142' title='bbox 505 2455 641 2531; x_wconf 89' lang='lat' dir='ltr'>quantas</span> <span class='ocrx_word' id='word_1_143' title='bbox 665 2445 808 2532; x_wconf 71' lang='lat' dir='ltr'>supra30)</span> <span class='ocrx_word' id='word_1_144' title='bbox 826 2448 1030 2532; x_wconf 79' lang='lat' dir='ltr'>adumbravi,</span> <span class='ocrx_word' id='word_1_145' title='bbox 1054 2472 1118 2514; x_wconf 93' lang='lat' dir='ltr'>non</span> <span class='ocrx_word' id='word_1_146' title='bbox 1135 2451 1294 2530; x_wconf 86' lang='lat' dir='ltr'>excusari,</span> 
     </span>
     <span class='ocr_line' id='line_1_20' title="bbox 231 2553 717 2639; baseline -0.002 -22"><span class='ocrx_word' id='word_1_147' title='bbox 231 2563 373 2618; x_wconf 89' lang='lat' dir='ltr'>attamen</span> <span class='ocrx_word' id='word_1_148' title='bbox 396 2553 552 2639; x_wconf 85' lang='lat' dir='ltr'>explicari</span> <span class='ocrx_word' id='word_1_149' title='bbox 575 2563 717 2638; x_wconf 90' lang='lat' dir='ltr'>possunt.</span> 
     </span>
    </p>

    <p class='ocr_par' dir='ltr' id='par_1_5' title="bbox 219 2660 1299 3388">
     <span class='ocr_line' id='line_1_21' title="bbox 322 2660 1295 2747; baseline 0 -21"><span class='ocrx_word' id='word_1_150' title='bbox 322 2661 483 2743; x_wconf 74' lang='lat' dir='ltr'>Quoniam</span> <span class='ocrx_word' id='word_1_151' title='bbox 519 2671 628 2725; x_wconf 88' lang='lat' dir='ltr'>autem</span> <span class='ocrx_word' id='word_1_152' title='bbox 661 2661 696 2723; x_wconf 91' lang='lat' dir='ltr'>in</span> <span class='ocrx_word' id='word_1_153' title='bbox 720 2660 880 2747; x_wconf 79' lang='lat' dir='ltr'>Cupidine</span> <span class='ocrx_word' id='word_1_154' title='bbox 914 2661 977 2726; x_wconf 90' lang='lat' dir='ltr'>duo</span> <span class='ocrx_word' id='word_1_155' title='bbox 1006 2660 1137 2726; x_wconf 86' lang='lat' dir='ltr'>diversa</span> <span class='ocrx_word' id='word_1_156' title='bbox 1158 2665 1295 2726; x_wconf 89' lang='lat' dir='ltr'>numina</span> 
     </span>
     <span class='ocr_line' id='line_1_22' title="bbox 232 2767 1297 2855; baseline 0.001 -23"><span class='ocrx_word' id='word_1_157' title='bbox 232 2768 280 2854; x_wconf 89' lang='lat' dir='ltr'>(ut</span> <span class='ocrx_word' id='word_1_158' title='bbox 302 2769 349 2833; x_wconf 90' lang='lat' dir='ltr'>ita</span> <span class='ocrx_word' id='word_1_159' title='bbox 365 2768 483 2848; x_wconf 88' lang='lat' dir='ltr'>dicam)</span> <span class='ocrx_word' id='word_1_160' title='bbox 504 2807 545 2816; x_wconf 91' lang='lat'>-—</span> <span class='ocrx_word' id='word_1_161' title='bbox 562 2768 699 2833; x_wconf 87' lang='lat' dir='ltr'>alterurn</span> <span class='ocrx_word' id='word_1_162' title='bbox 723 2791 766 2832; x_wconf 90' lang='lat' dir='ltr'>ex</span> <span class='ocrx_word' id='word_1_163' title='bbox 784 2768 982 2832; x_wconf 80' lang='lat' dir='ltr'>Graecorum</span> <span class='ocrx_word' id='word_1_164' title='bbox 1000 2767 1118 2832; x_wconf 84' lang='lat' dir='ltr'>fabulis</span> <span class='ocrx_word' id='word_1_165' title='bbox 1134 2769 1297 2855; x_wconf 85' lang='lat' dir='ltr'>mythicis,</span> 
     </span>
     <span class='ocr_line' id='line_1_23' title="bbox 232 2858 1297 2961; baseline 0.001 -22"><span class='ocrx_word' id='word_1_166' title='bbox 232 2875 367 2939; x_wconf 88' lang='lat' dir='ltr'>alterum</span> <span class='ocrx_word' id='word_1_167' title='bbox 402 2897 444 2939; x_wconf 88' lang='lat' dir='ltr'>ex</span> <span class='ocrx_word' id='word_1_168' title='bbox 472 2874 597 2939; x_wconf 83' lang='lat' dir='ltr'>fabellis</span> <span class='ocrx_word' id='word_1_169' title='bbox 626 2858 835 2961; x_wconf 88' lang='lat' dir='ltr'>popularibus</span> <span class='ocrx_word' id='word_1_170' title='bbox 859 2875 1032 2959; x_wconf 88' lang='lat' dir='ltr'>repetitum</span> <span class='ocrx_word' id='word_1_171' title='bbox 1057 2915 1097 2921; x_wconf 97' lang='lat'><strong>—</strong></span> <span class='ocrx_word' id='word_1_172' title='bbox 1122 2878 1297 2942; x_wconf 86' lang='lat' dir='ltr'>coniuncta</span> 
     </span>
     <span class='ocr_line' id='line_1_24' title="bbox 232 2982 1297 3070; baseline 0.001 -24"><span class='ocrx_word' id='word_1_173' title='bbox 232 2982 388 3064; x_wconf 87' lang='lat' dir='ltr'>vidimus,</span> <span class='ocrx_word' id='word_1_174' title='bbox 419 2982 514 3046; x_wconf 90' lang='lat' dir='ltr'>nobis</span> <span class='ocrx_word' id='word_1_175' title='bbox 548 2983 696 3067; x_wconf 87' lang='lat' dir='ltr'>Psychae</span> <span class='ocrx_word' id='word_1_176' title='bbox 737 2982 938 3068; x_wconf 86' lang='lat' dir='ltr'>Venerisque</span> <span class='ocrx_word' id='word_1_177' title='bbox 976 2992 1137 3067; x_wconf 89' lang='lat' dir='ltr'>naturam,</span> <span class='ocrx_word' id='word_1_178' title='bbox 1170 2984 1297 3070; x_wconf 83' lang='lat' dir='ltr'>qualern</span> 
     </span>
     <span class='ocr_line' id='line_1_25' title="bbox 233 3087 1298 3176; baseline 0.003 -23"><span class='ocrx_word' id='word_1_179' title='bbox 233 3089 392 3175; x_wconf 90' lang='lat' dir='ltr'>Apuleius</span> <span class='ocrx_word' id='word_1_180' title='bbox 421 3089 455 3152; x_wconf 91' lang='lat' dir='ltr'>in</span> <span class='ocrx_word' id='word_1_181' title='bbox 478 3089 606 3154; x_wconf 89' lang='lat' dir='ltr'>Amoris</span> <span class='ocrx_word' id='word_1_182' title='bbox 636 3101 667 3154; x_wconf 94' lang='lat' dir='ltr'>et</span> <span class='ocrx_word' id='word_1_183' title='bbox 691 3089 836 3176; x_wconf 86' lang='lat' dir='ltr'>Psychae</span> <span class='ocrx_word' id='word_1_184' title='bbox 860 3088 971 3154; x_wconf 86' lang='lat' dir='ltr'>fabula</span> <span class='ocrx_word' id='word_1_185' title='bbox 993 3087 1105 3155; x_wconf 79' lang='lat' dir='ltr'>verbis</span> <span class='ocrx_word' id='word_1_186' title='bbox 1129 3093 1298 3176; x_wconf 88' lang='lat' dir='ltr'>expressit,</span> 
     </span>
     <span class='ocr_line' id='line_1_26' title="bbox 219 3195 1299 3282; baseline 0.002 -22"><span class='ocrx_word' id='word_1_187' title='bbox 219 3195 498 3260; x_wconf 56' lang='lat' dir='ltr'>vexaminantibus</span> <span class='ocrx_word' id='word_1_188' title='bbox 521 3212 636 3282; x_wconf 85' lang='lat' dir='ltr'>parum</span> <span class='ocrx_word' id='word_1_189' title='bbox 659 3198 777 3260; x_wconf 88' lang='lat' dir='ltr'>mirum</span> <span class='ocrx_word' id='word_1_190' title='bbox 799 3195 973 3273; x_wconf 89' lang='lat' dir='ltr'>videbitur,</span> <span class='ocrx_word' id='word_1_191' title='bbox 999 3196 1085 3282; x_wconf 91' lang='lat' dir='ltr'>quod</span> <span class='ocrx_word' id='word_1_192' title='bbox 1109 3198 1143 3260; x_wconf 91' lang='lat' dir='ltr'>in</span> <span class='ocrx_word' id='word_1_193' title='bbox 1167 3197 1227 3262; x_wconf 90' lang='lat' dir='ltr'>illis</span> <span class='ocrx_word' id='word_1_194' title='bbox 1246 3220 1299 3262; x_wconf 86' lang='lat' dir='ltr'>res</span> 
     </span>
     <span class='ocr_line' id='line_1_27' title="bbox 233 3301 1089 3388; baseline 0.002 -22"><span class='ocrx_word' id='word_1_195' title='bbox 233 3326 297 3369; x_wconf 93' lang='lat' dir='ltr'>non</span> <span class='ocrx_word' id='word_1_196' title='bbox 320 3302 421 3368; x_wconf 91' lang='lat' dir='ltr'>multo</span> <span class='ocrx_word' id='word_1_197' title='bbox 445 3301 539 3367; x_wconf 89' lang='lat' dir='ltr'>aliter</span> <span class='ocrx_word' id='word_1_198' title='bbox 562 3325 595 3367; x_wconf 93' lang='lat' dir='ltr'>se</span> <span class='ocrx_word' id='word_1_199' title='bbox 618 3303 718 3367; x_wconf 86' lang='lat' dir='ltr'>hahet</span> <span class='ocrx_word' id='word_1_200' title='bbox 741 3312 838 3388; x_wconf 89' lang='lat' dir='ltr'>atque</span> <span class='ocrx_word' id='word_1_201' title='bbox 862 3303 895 3367; x_wconf 95' lang='lat' dir='ltr'>in</span> <span class='ocrx_word' id='word_1_202' title='bbox 920 3301 1089 3388; x_wconf 89' lang='lat' dir='ltr'>Cupidine.</span> 
     </span>
    </p>

    <p class='ocr_par' dir='ltr' id='par_1_6' title="bbox 323 3408 1297 3497">
     <span class='ocr_line' id='line_1_28' title="bbox 323 3408 1297 3497; baseline 0.004 -25"><span class='ocrx_word' id='word_1_203' title='bbox 323 3409 373 3472; x_wconf 82' lang='lat' dir='ltr'>Ac</span> <span class='ocrx_word' id='word_1_204' title='bbox 388 3408 517 3495; x_wconf 86' lang='lat' dir='ltr'>Psyoha</span> <span class='ocrx_word' id='word_1_205' title='bbox 539 3409 671 3496; x_wconf 90' lang='lat' dir='ltr'>quidem</span> <span class='ocrx_word' id='word_1_206' title='bbox 691 3410 798 3495; x_wconf 89' lang='lat' dir='ltr'>primo</span> <span class='ocrx_word' id='word_1_207' title='bbox 822 3419 853 3473; x_wconf 90' lang='lat' dir='ltr'>et</span> <span class='ocrx_word' id='word_1_208' title='bbox 876 3408 977 3473; x_wconf 86' lang='lat' dir='ltr'>altero</span> <span class='ocrx_word' id='word_1_209' title='bbox 1000 3411 1192 3475; x_wconf 87' lang='lat' dir='ltr'>narrationis</span> <span class='ocrx_word' id='word_1_210' title='bbox 1209 3411 1297 3497; x_wconf 89' lang='lat' dir='ltr'>Apu-</span> 
     </span>
    </p>
   </div>
   <div class='ocr_carea' id='block_1_5' title="bbox 235 3512 1301 3816">
    <p class='ocr_par' dir='ltr' id='par_1_7' title="bbox 235 3512 1301 3816">
     <span class='ocr_line' id='line_1_29' title="bbox 235 3512 1299 3603; baseline 0.003 -23"><span class='ocrx_word' id='word_1_211' title='bbox 235 3517 360 3581; x_wconf 87' lang='lat' dir='ltr'>leianae</span> <span class='ocrx_word' id='word_1_212' title='bbox 395 3519 561 3581; x_wconf 87' lang='lat' dir='ltr'>enuntiato</span> <span class='ocrx_word' id='word_1_213' title='bbox 591 3512 675 3602; x_wconf 88' lang='lat' dir='ltr'>regis</span> <span class='ocrx_word' id='word_1_214' title='bbox 710 3516 870 3603; x_wconf 86' lang='lat' dir='ltr'>quaedam</span> <span class='ocrx_word' id='word_1_215' title='bbox 894 3515 961 3580; x_wconf 91' lang='lat' dir='ltr'>filia</span> <span class='ocrx_word' id='word_1_216' title='bbox 982 3524 1061 3581; x_wconf 89' lang='lat' dir='ltr'>natu</span> <span class='ocrx_word' id='word_1_217' title='bbox 1084 3518 1218 3582; x_wconf 88' lang='lat' dir='ltr'>minima</span> <span class='ocrx_word' id='word_1_218' title='bbox 1242 3531 1299 3593; x_wconf 89' lang='lat' dir='ltr'>est,</span> 
     </span>
     <span class='ocr_line' id='line_1_30' title="bbox 236 3622 1300 3709; baseline -0.002 -20"><span class='ocrx_word' id='word_1_219' title='bbox 236 3624 365 3689; x_wconf 88' lang='lat' dir='ltr'>nomine</span> <span class='ocrx_word' id='word_1_220' title='bbox 381 3634 481 3698; x_wconf 86' lang='lat' dir='ltr'>caret,</span> <span class='ocrx_word' id='word_1_221' title='bbox 503 3623 748 3709; x_wconf 87' lang='lat' dir='ltr'>pulchritudine</span> <span class='ocrx_word' id='word_1_222' title='bbox 764 3623 905 3707; x_wconf 83' lang='lat' dir='ltr'>excellit,</span> <span class='ocrx_word' id='word_1_223' title='bbox 929 3622 1078 3689; x_wconf 87' lang='lat' dir='ltr'>omnibus</span> <span class='ocrx_word' id='word_1_224' title='bbox 1095 3622 1300 3690; x_wconf 86' lang='lat' dir='ltr'>admirationi</span> 
     </span>
     <span class='ocr_line' id='line_1_31' title="bbox 236 3729 1301 3816; baseline 0.001 -21"><span class='ocrx_word' id='word_1_225' title='bbox 236 3741 293 3796; x_wconf 88' lang='lat' dir='ltr'>est.</span> <span class='ocrx_word' id='word_1_226' title='bbox 338 3729 503 3794; x_wconf 84' lang='lat' dir='ltr'>Fabellam</span> <span class='ocrx_word' id='word_1_227' title='bbox 529 3730 693 3816; x_wconf 88' lang='lat' dir='ltr'>quandam</span> <span class='ocrx_word' id='word_1_228' title='bbox 716 3729 903 3816; x_wconf 88' lang='lat' dir='ltr'>popularem</span> <span class='ocrx_word' id='word_1_229' title='bbox 928 3731 1086 3796; x_wconf 87' lang='lat' dir='ltr'>matribus</span> <span class='ocrx_word' id='word_1_230' title='bbox 1109 3740 1140 3796; x_wconf 91' lang='lat' dir='ltr'>et</span> <span class='ocrx_word' id='word_1_231' title='bbox 1164 3732 1301 3797; x_wconf 84' lang='lat' dir='ltr'>aniculis</span> 
     </span>
    </p>
   </div>
   <div class='ocr_carea' id='block_1_6' title="bbox 0 0 1467 5054">
    <p class='ocr_par' dir='ltr' id='par_1_8' title="bbox 0 0 1467 5054">
     <span class='ocr_line' id='line_1_32' title="bbox 0 0 1467 5054; baseline 0 0"><span class='ocrx_word' id='word_1_232' title='bbox 0 0 1467 5054; x_wconf 95' lang='lat' dir='ltr'> </span> 
     </span>
    </p>
   </div>
  </div>
 </body>
</html>
