2896 5054
612 457 831 518 ..11-

185 635 371 721 Apuleium,
396 654 459 718 quo
483 653 578 698 nemo
594 629 799 717 simplicitate
815 651 853 693 ac
869 639 986 694 natura
1001 628 1097 714 plane
1113 628 1254 713 explosis

187 738 463 806 artificiosioribus
496 747 528 803 et
559 736 825 823 exquisitioribus
864 736 999 821 argutiis
1031 758 1108 801 usus
1140 745 1189 800 est
1219 735 1254 798 in

186 848 315 933 scriptis
343 846 408 910 suis
432 843 677 928 componendis,
709 852 777 907 tam
799 840 1002 927 praeclarum
1024 852 1157 928 tamquo
1180 843 1253 905 sim·

186 954 265 1040 plex
281 950 421 1017 'fabulae
447 950 577 1014 initium
598 960 708 1015 mente
731 949 943 1032 confinxisse3
973 970 1012 1012 ac
1038 948 1199 1033 profecto,
1227 948 1254 1011 si

187 1059 264 1142 ulla,
298 1058 378 1122 haec
410 1065 497 1121 certe
527 1055 659 1120 fabulae
690 1078 766 1141 pars
797 1055 992 1119 narrationis
1020 1056 1152 1140 propria
1183 1076 1252 1119 esse

185 1167 323 1232 videtur.
368 1164 483 1250 Itaque
510 1162 757 1227 Friedlaenderi
785 1161 944 1225 sententia
974 1159 1053 1224 mihi
1082 1183 1148 1225 non
1176 1161 1254 1225 satis

184 1273 349 1359 probatur.
388 1270 460 1335 Hoc
483 1278 592 1335 autem
615 1279 649 1335 et
669 1267 906 1332 Friedlaender
928 1277 960 1330 et
976 1267 1119 1353 Oosquin
1141 1266 1254 1352 procul
1278 1243 1287 1265 ⁸

185 1378 284 1444 dubio
308 1379 494 1444 evicerunt:
517 1377 601 1440 mira
623 1374 787 1440 interdum
810 1372 1021 1438 similitudino
1043 1372 1198 1437 nonnulla
1220 1373 1256 1437 in

185 1485 306 1571 Apulei
322 1483 512 1548 narratione
526 1481 625 1547 obvia
640 1481 812 1546 concinere
828 1503 903 1545 oum
919 1480 1113 1566 quibusdam
1129 1478 1254 1543 fabellis

188 1589 407 1676 popularibus.
455 1587 616 1668 Quoniam
647 1597 758 1652 autem
786 1585 946 1672 mythicas
974 1608 1101 1672 quoque
1128 1584 1255 1650 fabulas

189 1711 263 1761 cu'm
279 1696 466 1760 narratione
477 1694 638 1757 artissimo
647 1690 778 1758 vinculo
793 1714 933 1757 conexas
942 1693 1093 1774 vidimus,
1110 1702 1255 1777 spectan-

188 1803 265 1866 dum
297 1802 439 1885 primum
470 1807 533 1881 est,
567 1820 652 1884 quae
679 1800 763 1863 ratio
791 1799 825 1862 in
856 1800 1041 1863 narratione
1072 1797 1257 1884 Apuleiana

188 1909 274 1972 inter
318 1904 510 1970 fabellarum
552 1903 757 1990 popularium
796 1904 1022 1969 similitudines
1061 1914 1094 1969 et
1131 1903 1256 1968 fabulas

187 2011 347 2098 mythicas
370 2012 560 2079 intercedat.

276 2118 327 2182 Ac
343 2119 484 2203 primum
501 2116 644 2202 quidem,
663 2126 699 2180 ut
715 2118 1032 2199 contaminationem,
1048 2140 1146 2203 quam
1162 2117 1256 2180 modo

188 2226 276 2309 dixi,
322 2225 427 2309 magis
464 2224 638 2308 perspicue
677 2223 920 2309 dignoscamus,
968 2223 1080 2309 quales
1119 2223 1256 2309 Cupido,

187 2330 331 2416 Psyche,
359 2331 472 2395 Venus
503 2332 538 2394 in
560 2329 679 2415 Apulei
710 2329 822 2394 fabula
849 2340 1035 2413 occurrant,
1064 2340 1255 2416 spectemus.

190 2438 351 2522 Depingit
374 2435 533 2521 Apuleius
559 2436 721 2501 nonnullis
748 2437 826 2501 locis
850 2436 1048 2522 Cupidinem
1076 2446 1112 2501 ut
1136 2437 1262 2501 notissi-

193 2566 281 2607 mum
296 2542 386 2606 illum
402 2544 521 2608 amoris
537 2543 648 2626 deum3
666 2543 764 2608 affero
780 2542 852 2615 hos:
871 2543 1034 2610 1V.30.31
1053 2567 1219 2630 ,puerum
1233 2592 1261 2606 ..

191 2651 362 2734 pinnatum
385 2648 486 2731 illum,
511 2650 569 2735 qui
592 2650 731 2714 flammis
754 2661 785 2714 et
809 2652 936 2735 sagittis
959 2649 1126 2717 armatus.
1144 2700 1152 2714 .
1170 2653 1203 2732 .‘;
1221 2650 1263 2732 V,

77 2763 80 2771 ’
191 2758 324 2821 22-24
347 2755 448 2838 ,videt
471 2758 615 2820 omnium
638 2756 782 2821 ferarum
805 2758 1007 2821 mitissimam
1030 2756 1263 2820 dulcissimam-

191 2883 254 2947 que
285 2861 519 2926 bestiam...
545 2861 743 2948 Cupidinem
775 2865 974 2927 formonsum
1003 2863 1100 2927 deum
1125 2910 1132 2925 .
1155 2910 1163 2926 .
1186 2865 1206 2925 .‘
1230 2873 1263 2926 et

192 2981 275 3051 quae
299 2989 380 3053 seq.;
398 2969 439 3062 V,
456 2971 587 3035 29-31
613 2972 762 3055 ,castiget
777 2972 954 3055 asperrime
970 2992 1134 3055 nugonem
1154 2969 1262 3051 istum,

192 3073 377 3157 pharetram
401 3075 554 3160 explicet,
579 3078 715 3162 sagittas
739 3077 894 3159 dearmet,
917 3099 1029 3140 arcum
1045 3076 1172 3157 enodet,
1195 3085 1261 3140 tae·

192 3178 267 3242 dam
291 3179 476 3245 deflammet
584 3184 701 3268 pinnas
808 3183 1083 3268 praetotonderit‘.
1126 3183 1183 3263 Vl,
1209 3185 1262 3247 21.

191 3287 234 3350 22
257 3285 464 3372 ,refectisque
488 3289 596 3373 pinnis
614 3288 826 3353 ...velocius
850 3289 1023 3374 provolans
1041 3337 1048 3352 .
1066 3337 1073 3352 .
1088 3336 1095 3352 .
1113 3288 1264 3374 Psychen

190 3392 325 3456 innoxio
349 3392 505 3477 punctulo
529 3396 666 3479 sagittae
691 3397 848 3460 suscitat!

280 3495 373 3576 Quae
402 3520 476 3563 cum
502 3499 584 3564 nihil
612 3503 741 3565 omnino
770 3503 845 3565 miri
872 3501 1029 3585 habeant,
1059 3503 1156 3567 valde
1184 3514 1263 3587 puto

191 3603 457 3690 unumquemque
482 3615 611 3692 stupere
634 3608 713 3672 talia
728 3607 906 3693 legentem:
931 3608 999 3690 ,sed
1015 3631 1148 3674 saevum
1164 3619 1262 3694 atque

190 3707 295 3773 ferum
318 3711 551 3798 vipereumque
580 3714 722 3795 malum‘,
751 3715 786 3778 id
809 3717 895 3801 quod
918 3716 1059 3780 occurrit
1081 3717 1116 3779 in
1140 3715 1263 3780 oraculi

191 3815 297 3880 edicto
328 3815 489 3902 Apollinis
525 3819 644 3885 Milesii
686 3827 828 3903 (metam.
853 3823 916 3904 IV,
941 3822 1010 3909 33).
1071 3821 1144 3902 Quo
1176 3823 1263 3886 enim

190 3922 260 3986 iure
284 3921 412 4009 Oupido
446 3926 633 4012 „vipereum
660 3927 800 3992 malum“
831 3929 896 3993 dici
926 3939 1044 4014 potest,
1072 3930 1262 4013 praesertim

192 4051 266 4093 cum
294 4030 380 4094 idem
411 4023 531 4117 ‘pinnis
564 4025 715 4100 volitans³
743 4037 892 4120 proximo
921 4059 1019 4100 versu
1047 4034 1262 4099 exhibeatur?
