2896 5054
695 456 914 521 „56-

309 629 357 696 VI,
379 631 419 688 10.
457 630 625 700 Psyche...
644 631 776 685 immani-

272 719 777 791 tatepraecepticonsternatasilens

273 808 463 880 obstupescit.

308 1163 357 1231 Vl,
379 1167 419 1218 ll.
455 1158 524 1218 ‘non
551 1159 653 1233 tuum’,
672 1164 776 1236 inquit,

270 1247 458 1323 ‘nequissime
474 1292 481 1306 .
497 1297 502 1308 .
523 1269 606 1323 opus,
627 1256 679 1310 sed
690 1256 776 1324 illiue,

273 1341 319 1395 cui
349 1344 414 1410 tuo,
450 1342 539 1396 immo
570 1343 663 1414 ipsius
699 1345 776 1400 malo

272 1425 425 1501 placuisti.²

309 1517 357 1587 VI,
380 1522 419 1575 13.
514 1521 656 1577 contortis
676 1538 777 1593 super-

272 1604 345 1662 ciliis
382 1609 536 1663 subridens
574 1627 706 1665 amarum
736 1611 778 1666 sic

271 1697 401 1769 inquit..

308 1785 359 1848 vl,
384 1788 431 1851 20,
452 1789 494 1843 21.
541 1787 672 1843 Etcum
699 1789 777 1844 dicto

272 1881 383 1931 reserat
394 1877 549 1947 pyxidem.
563 1916 569 1930 .
584 1878 636 1932 sed
649 1879 778 1933 infernus

273 1981 392 2020 somnus
402 2010 409 2023 .
421 2006 427 2020 .
439 2010 446 2024 .
457 2005 464 2018 .
477 1968 578 2020 statim
590 2010 595 2020 .
607 2009 613 2022 .
627 2008 651 2024 ..
665 1967 779 2022 invadit

273 2054 583 2126 eam....etinipso
602 2056 777 2128 uestigio...

272 2143 442 2213 conlapsam
461 2145 601 2214 possidet.

308 2231 355 2300 Vl,
375 2235 417 2291 24.
455 2231 609 2290 Necmora
628 2251 779 2290 camoena

272 2322 410 2394 nuptialis
429 2323 554 2378 affluens
571 2322 778 2380 exhibetur...

271 2412 378 2484 Apollo
407 2414 545 2468 cantabat
568 2412 606 2466 ad
630 2411 779 2481 citharam,

273 2502 375 2556 Musae
404 2518 521 2574 quoque
549 2518 655 2556 canora
681 2517 779 2572 perso-

272 2592 382 2645 nabant
409 2589 508 2646 Venus
539 2591 621 2646 suavi
650 2588 779 2644 musicae

272 2680 493 2751 superingressa
504 2681 654 2735 formonsa
662 2679 780 2735 saltavit

390 2774 424 2825 ut
451 2771 554 2826 Musae
576 2809 665 2829 .....
689 2769 777 2824 tibias

271 2859 416 2927 inflarent,
423 2859 543 2929 Satyrus
552 2862 582 2914 et
592 2858 731 2913 Paniscus
742 2859 780 2912 ad

271 2947 402 3003 fistulam
421 2948 556 3003 dicerent.

308 3036 507 3091 recumbebat
520 3051 669 3092 summum
681 3039 780 3091 torum

272 3126 408 3191 maritus,
437 3124 567 3195 Psychen
593 3125 702 3194 gremio
726 3141 779 3180 suo

273 3215 442 3287 complexus
463 3257 468 3271 .
481 3256 486 3269 .
498 3255 503 3267 .
516 3255 523 3269 .
540 3213 582 3268 sic
600 3214 655 3269 rite
668 3214 779 3285 Psyche

273 3305 409 3360 convenit
417 3305 447 3359 in
460 3319 579 3359 manum
590 3302 740 3374 Cupidinis
750 3305 781 3357 et

272 3392 402 3447 nascitur
419 3392 475 3448 illis
489 3431 585 3447 ......
598 3391 670 3462 filia,
691 3408 780 3462 quam

274 3479 462 3552 Voluptatem
478 3482 672 3537 nominamus.

865 630 1012 686 Heliodor.
1031 630 1064 700 V,
1077 633 1102 690 6.
1134 627 1352 702 ἰλιγγιάσαντες

832 712 881 773 οὖν
899 715 968 790 πρὸς
986 717 1037 789 τὴν
1048 726 1121 776 θέαν
1140 725 1188 775 ἐπὶ
1207 727 1351 781 πλεῖστον

835 805 948 879 ἀχανεῖς
966 806 1135 877 εἱστήκεσαν.

867 899 971 958 Achill.
991 899 1055 958 Tei.
1076 921 1093 964 ς
1111 902 1136 966 4,
1149 902 1175 957 3.
1200 895 1217 968 ἡ
1235 903 1296 973 μὲν
1310 898 1349 969 δὴ

833 988 870 1054 τῷ
890 985 1039 1061 παραλόγῳ
1064 990 1112 1056 τῆς
1130 990 1283 1063 συμφορᾶς
1304 993 1349 1044 ἐκ·

833 1081 970 1146 πλαγεῖσα
990 1076 1151 1145 ἐσιώπησεν.

866 1164 1030 1238 Xenophon
1049 1171 1082 1220 Ε.
1109 1164 1143 1234 V,
1171 1167 1201 1233 2,
1230 1169 1257 1222 3.
1327 1160 1347 1218 ι’

832 1249 960 1327 πονηρά,
978 1260 1096 1325 λέγουσα
1113 1250 1119 1267 ‘
1137 1297 1143 1309 .
1158 1297 1164 1308 .
1178 1281 1191 1308 .’
1215 1271 1349 1329 ματαίως

832 1344 929 1405 ἔδοξας
941 1344 1073 1413 Πολυλίλῳ
1091 1338 1168 1413 καλά,
1188 1340 1222 1398 οὐ
1236 1340 1296 1417 γάρ
1316 1365 1348 1400 σε

832 1426 926 1501 ὀνήσει
945 1433 976 1486 τὸ
995 1428 1092 1494 κάλλος
1110 1427 1209 1487 τοῦτο’.
1232 1428 1234 1434 ’

868 1521 1006 1578 Chariton
1021 1521 1115 1590 zlrIV,
1135 1522 1159 1576 9.
1198 1516 1213 1573 ὂ
1233 1529 1345 1596 Μιθρι-

833 1607 919 1678 (λάτης
944 1607 1083 1681 συνήγαγε
1114 1606 1164 1670 τάς
1186 1605 1275 1681 ὀφρῦς
1298 1615 1346 1664 καὶ

833 1696 925 1755 δεινὸν
956 1701 1104 1769 prensam)
1132 1741 1138 1753 .
1166 1741 1171 1752 .
1198 1741 1205 1754 .
1244 1705 1346 1771 φησίν.

831 1789 997 1860 Xenophon
1022 1795 1049 1845 Γ.
1069 1788 1121 1856 VI,
1150 1792 1175 1844 5.
1223 1791 1349 1843 εἰποῦσα

833 1881 893 1933 ἔπιε
931 1875 962 1932 τὸ
993 1874 1143 1950 φάρμακον
1176 1883 1224 1931 καὶ
1258 1873 1349 1940 εὐθὺς

834 1961 918 2027 ὕπνος
957 1987 985 2021 τε
1026 1963 1111 2034 αὐτὴν
1150 1973 1261 2037 κατεῖχε
1299 1972 1349 2020 καὶ

832 2058 949 2111 ἔπιπτεν
968 2061 1005 2116 εἰς
1025 2057 1086 2124 γῆν.

869 2234 984 2305 Longos
1005 2240 1038 2291 Λ.
1062 2235 1110 2301 37,
1137 2240 1160 2288 2.
1210 2239 1259 2286 καὶ
1294 2231 1347 2303 τὴν

834 2320 930 2398 ἑορτὴν
947 2318 1181 2396 παρεσκευάζοντο
1199 2324 1345 2396 λαμπρῶς.

868 2412 984 2483 Longos
1011 2418 1044 2466 Λ.
1068 2415 1116 2481 38,
1142 2415 1168 2467 3.
1217 2413 1346 2480 Φιλητᾶς

835 2498 952 2575 deipnos,
973 2495 1093 2574 Λάμπις
1116 2495 1227 2569 ηὔλησε,
1249 2499 1370 2573 Δρύας.

833 2597 878 2645 καὶ
898 2588 1008 2663 Λάμων
1026 2586 1194 2662 ὠρχήσαντο.
1227 2640 1228 2646 ,

871 2674 949 2747 Χλὸη
986 2683 1031 2732 καὶ
1065 2674 1175 2749 Δάφνις
1206 2670 1346 2746 ἀλλήλους

833 2773 1008 2840 κατεφίλουν.

868 3211 984 3282 Longos
1003 3217 1036 3266 A.
1056 3212 1103 3277 37,
1123 3215 1147 3267 1.
1191 3207 1282 3266 ἐδόκει
1311 3213 1344 3266 δὲ

833 3296 969 3360 κάκείνοις
976 3293 1152 3373 ποιμενικοάς
1160 3321 1236 3362 τινας
1247 3297 1345 3363 αὐτοῖς

835 3391 949 3458 ποιῆσαι
968 3385 1032 3449 τοὶς
1050 3381 1166 3461 γάμους.
1205 3395 1238 3443 Δ.
1258 3391 1303 3458 39,
1318 3393 1343 3446 2.

834 3483 995 3535 nascuntur
1003 3478 1059 3534 illis
1069 3495 1141 3550 puer
1152 3495 1240 3548 quem
1246 3478 1344 3535 Philo-

833 3571 992 3642 poemenis,
1011 3568 1109 3640 puella
1125 3584 1215 3638 quam
1231 3567 1343 3638 Agelae

833 3659 951 3715 nomine
970 3660 1083 3712 vocant.

275 3803 402 3870 Tabula
435 3805 496 3866 ista
524 3804 602 3868 satis
632 3802 733 3868 multa
758 3804 919 3868 docemur.
966 3800 1097 3865 Puellae
1121 3799 1343 3886 pulchritudo,

275 3934 358 3976 cena
379 3909 547 3995 nuptialis,
583 3911 720 3974 effectus
744 3910 859 3992 animi,
883 3909 1071 3992 adprecatio
1096 3906 1147 3971 dei
1172 3906 1343 3971 cuiusdam

364 4107 407 4173 10)
427 4106 493 4162 Siue
512 4099 588 4173 ἰδών,
608 4105 642 4159 cf.
659 4099 779 4176 ‘Payirm
798 4108 893 4160 towns
912 4102 970 4158 and
989 4101 1065 4156 their
1084 4098 1209 4174 papyri'.
1247 4101 1343 4159 Lond.

276 4198 354 4255 1900.
391 4214 419 4269 p.
439 4197 482 4265 rs,
501 4197 544 4252 49.
