2896 5054
677 467 899 530 ..24-

254 642 396 698 maturius
414 642 523 698 lectum
541 641 664 697 maritus
677 656 759 695 accu-

250 732 325 787 bans
343 747 466 802 eamque
483 729 572 785 etiam
588 732 667 784 nunc
678 727 760 783 lacri-

252 824 381 875 mantem
392 818 562 890 complexus
570 818 615 873 sic
621 819 761 887 expostu-

250 908 311 974 lat.
323 952 330 966 .
342 945 349 960 .
367 911 408 976 ,et
419 907 522 979 perdia
535 910 566 962 et
581 922 696 978 pernox
707 917 761 957 nec

250 996 326 1052 inter
344 996 497 1067 amplexus
520 993 686 1065 coniugales
709 991 758 1046 de·
848 994 924 1063 Acbj.
956 995 982 1046 et
1007 995 1071 1048 Moe
1096 987 1123 1046 ‘t
1157 989 1181 1050 t?
1207 1011 1236 1063 p.
1261 996 1324 1049 104.

251 1084 322 1156 sinis
335 1085 504 1140 cruciatum.
534 1083 597 1153 Age
609 1082 667 1137 iam
680 1095 759 1135 nunc
814 1079 913 1147 „Danu
960 1082 1039 1136 kann
1083 1080 1139 1136 Rat
1177 1082 1324 1151 werden“‚

250 1175 285 1228 ut
302 1171 382 1228 voles
402 1175 432 1227 et
443 1171 539 1227 animo
551 1176 603 1227 tuo
617 1171 759 1225 damnosa
813 1172 895 1239 sagte
923 1170 976 1226 der
997 1170 1066 1238 Bar,
1098 1187 1128 1238 p.
1148 1172 1212 1224 105:
1243 1187 1324 1234 „ver-

250 1261 386 1333 poscenti
403 1263 515 1333 pareto.
551 1259 680 1315 Tantum
698 1273 757 1311 me·
812 1258 871 1327 gisa
905 1276 962 1314 nur
990 1259 1083 1322 nicht,
1112 1274 1172 1314 was
1202 1259 1249 1314 ich
1277 1259 1325 1314 dir

250 1349 369 1405 mineris
388 1365 472 1405 meae
484 1349 576 1405 seriae
589 1344 757 1418 monitionis
812 1348 915 1417 gesagt
927 1346 1011 1415 habe,
1025 1346 1102 1402 denn
1113 1351 1198 1401 scust
1206 1346 1325 1402 machst

251 1455 318 1493 cum
337 1438 468 1509 coeperis
487 1453 551 1493 sero
570 1437 736 1509 paenitere.‘
813 1434 853 1489 du
866 1434 944 1490 mich
957 1435 1017 1489 und
1031 1435 1321 1506 dichuugliicklich.‘

287 1525 321 1595 V,
341 1529 366 1584 7.
402 1527 443 1580 At
465 1525 530 1581 illac
556 1540 669 1580 sorores
695 1539 759 1594 per·
850 1524 969 1591 Cocceio
991 1519 1019 1577 ‘l.
1036 1519 1061 1576 l?
1084 1541 1114 1592 p.
1132 1528 1194 1584 217.
1230 1524 1325 1581 L’uue

253 1616 388 1670 contatac
415 1614 569 1684 scopulum
595 1614 758 1689 locumque,
813 1611 865 1680 des
873 1611 951 1666 deux
959 1612 1057 1668 ainees
1068 1628 1099 1668 se
1108 1613 1206 1669 rendit
1215 1616 1324 1685 aupres

253 1719 312 1774 quo
321 1703 417 1757 fuerat
426 1701 537 1773 Psyche
547 1700 758 1769 deserta,festi·
813 1698 850 1754 de
869 1715 903 1755 sa
921 1715 1008 1755 socur
1027 1743 1033 1753 .
1053 1739 1059 1753 .
1080 1741 1086 1754 .
1157 1711 1161 1717 ’

251 1795 357 1847 nanter
366 1791 525 1846 adveniunt
536 1791 640 1846 ...iam
649 1788 759 1844 mutuis
849 1788 926 1858 Aabj.
939 1791 964 1842 et
975 1790 1039 1843 Moe
1050 1783 1078 1844 Ἴ.
1091 1786 1117 1847 ἰ.’
1132 1807 1162 1858 p.
1176 1792 1235 1844 1051
1258 1790 1324 1847 Wie

253 1880 436 1951 amplexibus
482 1883 513 1935 ct
551 1877 760 1934 festinantibus
813 1893 874 1931 nun
906 1877 953 1932 die
983 1875 1083 1932 Eltern
1119 1879 1166 1933 die
1197 1877 1325 1935 Tochter

255 1968 421 2042 saviiseese
439 1968 629 2038 perfruuntur
647 1965 760 2022 stillae
814 1965 914 2032 sahen,
932 1966 1048 2021 ireuten
1066 1967 1108 2022 sie
1125 1966 1188 2021 sich
1200 1983 1233 2022 so
1247 1968 1324 2038 sehr,

254 2056 373 2112 sedatae
409 2055 544 2112 lacrimae
581 2052 760 2127 postliminio
814 2053 883 2114 dass
903 2070 933 2109 es
953 2070 1005 2125 gar
1021 2054 1104 2109 nicht
1122 2073 1159 2110 zu
1172 2059 1324 2126 sagenist.

254 2145 379 2201 redeunt
397 2145 578 2215 prolectante
591 2144 697 2214 gaudio
712 2185 717 2198 .
733 2181 760 2198 ..
849 2144 957 2209 Basilo,
981 2137 1197 2198 ‘Pentcmerouc’
1226 2145 1256 2211 I,
1282 2148 1325 2200 19.

290 2232 324 2301 V,
343 2234 368 2288 8.
397 2236 493 2290 ...ut
510 2233 624 2287 illarum
640 2247 760 2303 prorsus
810 2250 840 2301 p.
853 2235 916 2288 248.
947 2231 999 2287 Als
1017 2230 1107 2287 Lucia
1124 2249 1186 2288 nun
1204 2233 1324 2288 beiden

254 2322 423 2378 caelestium
459 2321 627 2377 divitiarum
668 2320 760 2392 copiis
814 2320 932 2390 [hn'gen
960 2319 1137 2390 anlaugte„
1164 2363 1169 2374 .
1195 2361 1201 2374 .
1224 2327 1324 2377 wiron

253 2411 442 2467 affluentibus
462 2411 585 2466 satiatae
602 2411 661 2465 iam
677 2426 760 2481 prae·
815 2408 896 2465 diese
926 2425 980 2465 vor
1009 2407 1084 2463 Neid
1114 2408 1240 2464 beinahe
1276 2426 1323 2481 ge·

254 2499 360 2556 cordiis
391 2500 509 2570 penitus
544 2500 689 2554 nutrirent
718 2498 760 2554 iu·
814 2499 945 2556 borsten.
981 2499 1013 2552 de
1032 2497 1124 2568 Halm,
1142 2492 1324 2553 ‘Gricchiachc

157 2599 158 2603 ’
253 2588 370 2647 sidiam.
399 2588 532 2660 Denique
551 2588 642 2643 altera
661 2602 761 2642 earum
815 2588 876 2642 arad
899 2587 1019 2644 albana.
1042 2581 1206 2641 Moarciea.¹
1243 2587 1325 2652 I,19

253 2676 759 2748 satisscrupulosecuriosequepcr·
814 2670 1007 2748 (Goldyarta')
1017 2692 1047 2744 p.
1056 2678 1096 2729 99.
1115 2673 1322 2731 IhreSchwes-

253 2765 364 2822 contari
373 2783 432 2821 non
443 2766 558 2833 desinit,
569 2767 635 2837 quis
644 2765 759 2821 illarum
812 2768 879 2820 tern
898 2766 1053 2835 begannen
1071 2762 1201 2818 neidisch
1214 2763 1267 2816 auf
1278 2761 1320 2817 sie
1366 2808 1370 2819 „

253 2854 759 2926 caelestiumrerumdominus,quis-
814 2871 851 2908 zu
870 2854 995 2908 werden.
1009 2883 1043 2892 -
1058 2853 1175 2920 Oosqcic
1192 2844 1219 2905 ‘t
1232 2845 1257 2905 l.’
1278 2849 1318 2909 ΙΙ,

252 2960 288 2998 ve
303 2942 350 2998 vel
363 2943 457 3014 qualis
469 2943 563 3015 ipsius
577 2942 615 2998 sit
628 2943 757 2999 maritus.
813 2944 875 2996 217.
905 2941 945 2996 Et
965 2940 1050 2995 «elle»
1070 2940 1112 2994 lui
1131 2938 1276 3005 demanda
1289 2955 1322 2993 ce

814 3030 866 3102 qui
883 3030 924 3085 lui
943 3029 1016 3084 etait
1038 3028 1140 3083 arrivs.
1177 3027 1219 3082 La
1234 3027 1324 3099 jeune

811 3120 870 3177 fille
890 3119 997 3175 resista
1008 3118 1183 3188 longtemps.
1198 3147 1231 3156 -
1245 3117 1324 3186 Aabj.

252 3211 312 3266 Nec
340 3214 439 3267 tamen
467 3210 579 3282 Psyche
608 3210 758 3281 coniugale
813 3204 976 3263 etMoe‘l.l.’
986 3226 1016 3277 p.
1027 3209 1087 3261 105.
1107 3204 1154 3260 Sie
1164 3206 1220 3275 gab
1233 3205 1324 3261 ihnen

251 3300 323 3355 illud
353 3303 544 3372 praeceptum
577 3299 635 3355 ullo
671 3302 758 3370 pacto
813 3298 889 3353 doch
914 3297 1020 3352 keincu
1045 3293 1246 3351 ordentlichen
1271 3294 1324 3349 Be-

251 3394 403 3446 temerat.
424 3431 430 3444 .
450 3430 457 3444 .
476 3405 547 3444 auro
573 3386 652 3444 facto
681 3404 778 3458 gem··
813 3387 922 3442 scheid.
950 3386 1045 3440 Basilo
1062 3378 1278 3439 ‘Pentameroce'
1297 3386 1323 3449 Ι,

252 3477 401 3548 morisque
410 3476 567 3532 monilibus
577 3494 627 3533 eas
637 3480 759 3532 onustas
816 3479 857 3542 19,
871 3493 901 3545 p.
914 3477 978 3529 248.
1006 3472 1066 3528 Der
1083 3472 1168 3527 Mohr
1186 3471 1256 3526 kam
1268 3471 1325 3526 mit

253 3566 355 3622 statim
380 3568 484 3621 vocato
511 3566 644 3637 Zephyro
670 3565 761 3621 tradit
814 3564 910 3619 einem
923 3579 1044 3634 grosseu
1054 3562 1157 3618 Beutel
1168 3560 1227 3617 voli
1237 3558 1324 3615 Gold-

251 3654 453 3725 reportandas.
476 3657 516 3710 Ac
530 3654 564 3721 V,
584 3656 626 3710 15.
646 3670 759 3712 ...rur
815 3653 940 3709 stiicken
958 3651 1075 3718 zuriick,
1095 3652 1153 3705 den
1172 3666 1203 3703 er
1218 3649 1265 3703 ihr
1276 3649 1324 3703 fiir

252 3759 318 3798 sum
350 3742 478 3813 opiparis
509 3743 680 3798 muneribus
711 3759 760 3797 eas
813 3741 876 3796 ihre
886 3742 997 3797 Mutter
1012 3742 1108 3810 (quam
1118 3738 1212 3808 puella
1226 3738 1324 3792 viscera

252 3836 374 3887 onustas
397 3834 520 3886 ventoso
545 3831 678 3887 vehiculo
704 3835 760 3886 tra·
814 3832 864 3901 eet)
885 3828 1083 3899 einh'andigte,

252 3920 335 3980 didit.

287 4008 321 4076 V,
331 4011 357 4064 9.
371 4010 490 4064 Sorores
498 4009 759 4079 egregiaedomum
849 4009 881 4061 de
899 4009 987 4062 Halm
1012 4003 1040 4061 ‘t
1062 4003 1087 4061 t’
1115 4025 1144 4076 p.
1170 4009 1211 4059 99.
1258 4004 1324 4060 Ihre

251 4096 407 4151 redeuntes
425 4096 544 4166 iamque
556 4096 758 4165 gliscentisin·
814 4095 999 4152 Schweatern
1035 4096 1105 4150 aber
1136 4094 1257 4148 wurden
1288 4108 1322 4148 so

253 4183 347 4238 vidiae
377 4184 443 4238 felle
478 4184 636 4253 fraglantcs
667 4184 760 4239 multa
812 4184 955 4255 neidisch‚
967 4185 1036 4238 dass
1053 4182 1096 4238 sie
1108 4183 1249 4244 berieten,
1262 4197 1322 4236 was
