2896 5054
619 496 830 561 -51-‘

186 671 382 756 Cupidinem
406 671 535 756 puellae
560 672 727 736 cuiusdam
751 675 893 737 animum
918 675 1037 760 sagitta
1061 699 1119 740 sua
1135 677 1258 743 violare

185 778 289 842 iubet'.
320 778 390 841 Neo
411 763 700 864 praetermittenda
716 791 764 844 est
785 781 923 865 epistula
938 780 1004 865 illa,
1030 805 1127 868 quam
1145 784 1258 849 Venus

185 884 349 970 Psycham
378 887 546 971 requirens
571 885 756 951 conscribit.
802 888 854 951 De
888 910 952 974 qua
982 888 1067 975 (post
1092 888 1256 979 Crusium)

186 994 256 1077 egit
278 991 406 1073 Dictae,
431 992 461 1074 ,l.
487 993 519 1057 l.‘
543 1016 573 1078 p.
598 996 672 1059 143.

276 1100 400 1183 Restat,
428 1110 465 1164 ut
499 1100 652 1165 nonnulla
675 1101 717 1165 de
741 1103 855 1166 ceteris
885 1102 934 1166 dis
957 1085 1089 1172 addam.
1136 1104 1256 1169 Mirum

185 1207 222 1269 in
249 1205 380 1273 modum
413 1218 555 1272 exeunte
585 1208 697 1272 'fabula
711 1209 737 1289 9)
760 1208 945 1293 Apuleiana
973 1232 1007 1274 se
1033 1223 1160 1294 gerunt.
1193 1213 1255 1276 Pu-

185 1325 273 1378 tares
305 1336 370 1377 non
394 1314 471 1378 deos
495 1316 552 1379 sed
575 1314 721 1380 homines
745 1338 843 1379 cenae
867 1316 1004 1402 nuptiali
1028 1322 1168 1396 (metam.
1196 1318 1253 1383 VI.

186 1422 242 1498 24)
266 1420 393 1486 adesse:
419 1412 595 1486 tVolcanus
624 1444 739 1486 cenam
768 1422 947 1507 coquebat,
976 1423 1087 1488 Horae
1115 1426 1195 1489 rosis
1226 1437 1257 1490 et

186 1529 302 1593 ceteris
330 1528 465 1592 floribus
495 1531 722 1614 purpurabant
745 1531 863 1611 omnia,
897 1529 1032 1595 Gratiae
1056 1525 1257 1617 spargebant

185 1633 345 1717 balsama,
378 1635 495 1720 Apollo
528 1635 682 1702 cantabat
710 1638 753 1702 ad
782 1637 955 1720 citharam,
986 1636 1099 1702 Musae
1130 1662 1258 1725 quoque

187 1763 306 1806 canora
333 1742 563 1826 personabant,
593 1744 704 1807 Venus
728 1744 822 1808 suavi
845 1746 989 1808 musicae
1014 1747 1257 1830 superingressa

186 1849 348 1939 formonsa
372 1849 519 1932 saltavit,
549 1872 665 1914 scaena
689 1849 750 1914 sibi
774 1850 820 1914 sic
845 1852 1053 1935 concinnata,
1083 1863 1119 1916 ut
1143 1852 1256 1917 Musae

188 1957 316 2042 quidem
355 1958 488 2023 chorum
527 1970 680 2023 canerent
715 1957 812 2022 tibias
843 1958 1007 2040 inflarent,
1048 1958 1184 2045 Satyrus
1224 1971 1256 2025 et

187 2064 342 2130 Paniscus
370 2067 412 2130 ad
435 2065 576 2130 fistulam
601 2056 769 2131 dicerent'

274 2173 418 2239 Similem
431 2196 583 2237 scaenam
591 2173 642 2258 ⁹⁸)
667 2173 758 2237 illum
778 2173 810 2235 X
834 2173 922 2257 apud
939 2173 1102 2258 quendam
1125 2183 1255 2257 poetam

184 2278 447 2345 Alexandrinum
485 2282 650 2345 invenisse
683 2288 715 2344 et
746 2281 780 2343 in
814 2302 906 2345 usum
940 2302 1034 2343 suum
1058 2281 1255 2345 convertisse

185 2408 252 2449 non
275 2390 476 2471 negaverim,
506 2412 582 2452 nam
606 2397 639 2452 et
663 2385 881 2452 Callimachus
904 2396 936 2449 et
958 2385 1148 2470 Apollonius
1171 2386 1256 2450 Rho·
1340 2374 1342 2378 Α

189 2492 261 2555 dius
293 2493 337 2575 ,id
371 2497 456 2579 quod
488 2496 575 2581 apud
610 2493 760 2559 mortales
789 2494 876 2558 intra
900 2493 1039 2578 parietes
1062 2493 1180 2578 agitur,
1214 2494 1256 2559 ad

190 2595 363 2685 Olympum
391 2603 566 2667 transferre
594 2600 752 2667 solebant‘
783 2600 837 2682 (cf.
860 2599 1016 2687 ,Dilthey,
1041 2599 1061 2663 l.
1085 2599 1118 2663 l.‘
1142 2624 1171 2686 p.
1196 2604 1253 2685 453

187 2706 322 2789 ,Rohde,
345 2708 365 2772 l.
391 2708 421 2773 l.‘
445 2732 476 2794 p.
502 2712 574 2791 88.)¹
604 2708 700 2790 Quod
723 2719 830 2773 autem
854 2708 924 2792 ipse
948 2730 1062 2771 cenam
1077 2708 1256 2793 nuptialem

186 2812 247 2878 hoc
270 2815 366 2880 modo
390 2819 563 2896 exstruxit,
588 2826 676 2881 certe
697 2815 835 2880 docilem
853 2815 1044 2880 Callimachi
1061 2816 1256 2901 discipulum

190 2941 224 2982 se
247 2921 393 3004 praebet.
424 2924 620 2988 Praeterea
644 2924 683 2988 de
708 2923 826 3010 quibus
849 2923 946 2988 modo
970 2922 1136 3008 disputavi
1152 2946 1253 2987 unum

188 3025 289 3111 idque
329 3028 558 3111 gravissimum
594 3029 721 3095 fabulae
761 3030 964 3115 Apuleianae
999 3031 1162 3115 proprium
1192 3040 1254 3094 est:

188 3144 341 3198 narratur
369 3134 480 3199 fabula
508 3158 572 3202 non
602 3137 789 3223 simpliciter
818 3140 900 3202 sicut
924 3137 1062 3202 fabellae
1086 3136 1256 3223 populares

188 3264 253 3305 non
278 3241 448 3328 eleganter
472 3242 694 3332 subtiliterque
719 3247 801 3309 sicut
821 3245 979 3330 legendae
996 3238 1165 3328 poetarum
1181 3244 1255 3307 Ale-

188 3349 433 3432 xandrinorum,
470 3350 527 3416 sed
550 3352 674 3417 tumide
698 3364 730 3417 et
754 3352 935 3416 artificiose.
984 3350 1150 3414 Interdum
1180 3374 1256 3416 eum

191 3456 248 3538 qui
264 3456 417 3525 ¹fabulam
440 3459 588 3544 perlegit,
622 3470 654 3524 et
678 3440 885 3544 simplicitate
908 3458 1101 3523 fabellarum
1124 3457 1256 3542 popula-

190 3561 273 3624 rium
300 3574 332 3627 et
368 3566 527 3630 suavitate
564 3566 689 3650 elegiae
721 3564 964 3629 Alexandrinae
1004 3565 1157 3629 delectari
1191 3587 1257 3628 non

189 3694 284 3756 nego,
319 3674 377 3738 sed
408 3673 441 3736 iu
468 3676 658 3737 universum
688 3695 792 3737 sermo
821 3695 859 3737 eo
887 3683 1013 3738 tumore
1040 3673 1169 3736 inflatus
1198 3681 1256 3754 est,

278 3958 305 4027 9)
323 3956 367 4011 De
379 3955 459 4011 Pane
478 3972 512 4011 ao
531 3956 567 4011 de
580 3955 684 4011 Cerere
703 3959 733 4011 et
744 3955 761 4010 J
764 3971 859 4010 unone
872 3954 1016 4026 Psycham
1032 3954 1122 4010 tutari
1134 3952 1256 4008 nolenti·

187 4049 244 4102 bus
273 4047 307 4103 cf.
325 4041 438 4101 ‘Dietze
457 4045 475 4099 l.
495 4040 521 4102 l.'
541 4063 569 4117 p.
591 4048 642 4101 143
659 4062 702 4115 sq.
740 4045 784 4101 De
811 4045 945 4100 irrisione
969 4044 1091 4100 deorum
1119 4043 1154 4102 cf.
1182 4042 1258 4097 infra

187 4153 217 4208 p·
236 4137 425 4291 58§iidqldem
443 4223 522 4279 cadit
540 4223 570 4278 in
589 4239 623 4278 ea
642 4240 717 4295 quse
736 4228 804 4282 met.
825 4224 858 4291 V,
877 4225 912 4279 31
930 4228 1094 4278 narrantur.
