2896 5054
639 427 860 490 ...12-

208 603 498 685 hiemando-122)
523 624 602 667 vero
618 602 881 687 explicationem,
897 625 961 688 qua
978 603 1144 668 contendit
1170 606 1281 688 „vipe-

211 719 321 775 reum“
347 711 508 795 respicere
531 708 574 773 ad
596 708 779 794 sapphonis
803 707 904 774 verba
931 707 1169 797 ,γλυκύπικρον
1193 703 1281 794 ἁμά-

198 824 306 900 ’χανον
335 810 542 902 ὅρπετονωῧ)
575 815 745 880 admittere
777 837 843 880 non
875 836 1015 899 pessum.
1061 814 1147 879 Nam
1176 817 1280 882 simile

208 922 289 987 illud
317 921 359 992 ab
388 923 488 1006 angui
515 923 690 1007 repetitum
718 945 738 986 a
760 919 935 1006 Sapphone
963 922 1186 1006 excogitatum
1210 946 1281 988 esse

210 1029 339 1111 dilucet,
355 1037 392 1093 ut
407 1028 536 1113 elegans
553 1028 712 1113 quaedam
721 1029 771 1092 vis
782 1065 823 1074 -
835 1048 919 1112 quae
927 1027 1081 1112 appositis
1091 1028 1280 1093 nominibus

210 1135 380 1201 adiectivis
395 1133 575 1199 illustratur
589 1171 632 1184 --
649 1133 757 1198 verbis
773 1134 907 1204 inesset:
925 1134 1013 1218 apud
1027 1132 1203 1219 Apuleium
1219 1136 1281 1200 iro·

173 1240 284 1305 'niae
311 1240 364 1304 vel
392 1239 571 1326 elegantiae
598 1239 679 1304 nihil
706 1240 848 1304 invenio.
895 1239 1011 1325 Itaque
1032 1238 1190 1325 Apuleius
1220 1240 1281 1306 hoc

209 1347 280 1413 loco
303 1345 391 1412 nulla
414 1342 625 1412 translatione
640 1347 743 1410 utitur
758 1368 818 1409 nec
833 1345 936 1410 verba
952 1346 1015 1410 alio
1030 1345 1126 1411 modo
1142 1341 1282 1433 intessigi

209 1464 343 1540 possunt
370 1454 434 1519 nisi
461 1452 537 1518 hoc:
571 1451 699 1538 Psycha
729 1474 844 1516 revera
876 1455 1027 1538 „vipereo
1058 1451 1162 1522 malo“
1194 1455 1281 1518 tradi

210 1558 351 1624 iubetur.
378 1558 539 1639 Quoniam
554 1569 662 1622 autem
673 1557 775 1623 Amor
787 1580 853 1623 non
865 1568 914 1623 est
929 1559 1117 1645 „vipereum
1127 1558 1281 1643 malum“,

210 1668 385 1752 vestigium
397 1665 560 1750 quoddam
576 1664 756 1746 statuerim,
772 1686 835 1749 quo
848 1664 996 1749 Psychae
1012 1667 1166 1730 maritum
1181 1666 1281 1732 altera

211 1772 304 1859 quasi
330 1772 465 1856 insuper
492 1768 653 1856 natura24)
685 1771 720 1833 in
748 1768 859 1835 fabula
885 1768 1070 1855 Apuleiana
1098 1773 1281 1857 praeditum

210 1902 280 1944 esse
313 1878 465 1943 certiores
496 1877 598 1942 fimus.
653 1877 769 1962 Neque
804 1877 903 1940 etiam
940 1877 1100 1963 malignas
1132 1877 1281 1963 Psychae

212 2006 337 2049 sorores
360 1984 491 2049 fortuito
514 1983 548 2046 in
572 1983 607 2046 id
629 1982 782 2046 incidisse
798 1993 889 2067 puto,
913 1992 949 2047 ut
964 1983 1112 2068 Psychae
1127 1986 1281 2049 maritum

212 2101 395 2175 serpentem
420 2088 566 2153 dicerent
589 2089 732 2173 (metam.
749 2089 792 2170 V,
808 2090 876 2170 17),
899 2087 1096 2170 ,multinodis
1112 2088 1282 2154 volumini-

210 2195 287 2279 bus,
319 2217 444 2260 veneno
476 2195 575 2259 noxio
607 2193 689 2260 colla
719 2196 985 2279 sanguinantem,
1019 2218 1116 2281 quam
1144 2219 1282 2281 vespera

212 2301 306 2367 multi
338 2301 468 2368 accolae
500 2302 688 2366 redeuntem
716 2300 874 2367 vidissent
904 2325 922 2366 e
954 2311 1049 2387 pastu
1075 2303 1281 2389 proximique

216 2410 359 2474 fluminis
381 2409 475 2473 vadis
497 2409 719 2474 innatantem‘.
752 2406 942 2494 Similiaque
958 2409 1094 2494 legimus
1117 2410 1153 2473 in
1176 2411 1281 2494 capite

214 2516 340 2582 XVIII.
371 2514 447 2581 libri
465 2515 520 2582 V.:
545 2516 641 2601 ,quod
664 2516 691 2578 si
714 2524 746 2580 te
771 2563 830 2579 ...
857 2516 1011 2580 venenati
1035 2517 1191 2597 serpentis
1214 2537 1280 2577 am-

213 2623 329 2709 plexus
358 2623 543 2706 delectant‘,
577 2631 676 2707 atque
703 2621 737 2684 in
766 2621 873 2705 capite
896 2619 987 2689 XX.:
1013 2626 1194 2704 ,postquam
1217 2616 1275 2680 sul·

215 2742 303 2796 catos
326 2729 491 2796 intrahens
514 2751 645 2815 gressus
669 2725 777 2792 cubile
800 2725 927 2791 solitum
951 2723 1185 2804 conscenderit,
1212 2776 1220 2789 .
1244 2770 1278 2788 ..

213 2837 287 2901 nisu
308 2860 405 2923 quam
421 2836 529 2900 valido
546 2835 637 2900 noxii
652 2833 810 2918 serpentis
827 2831 947 2897 nodum
960 2831 1100 2895 cervicis
1116 2839 1149 2895 et
1165 2829 1281 2913 capitis

214 2942 411 3027 abscide²⁶)‘.
459 2941 584 3022 Quibus
609 2938 777 3020 derebus,
803 2961 876 3003 cum
899 2936 1136 3002 Friedlaender
1159 2937 1282 3022 gravis-

177 3105 180 3113 .
214 3050 295 3114 sima
318 3050 383 3113 iam
406 3045 647 3134 exposueram),
670 3045 764 3111 nobis
778 3056 889 3111 tacere
903 3045 985 3112 licet.
1029 3043 1169 3129 Serpens
1184 3043 1283 3128 igitur
1301 3048 1305 3058 “

219 3156 371 3236 „altera“,
396 3178 494 3241 quam
518 3155 647 3237 vocavi,
673 3152 822 3231 „Amoris
844 3162 980 3216 natura“
1007 3160 1062 3215 est.
1098 3147 1206 3229 Quam
1228 3148 1282 3211 be·

216 3263 309 3325 stiam
334 3260 414 3324 nihil
437 3282 505 3325 esse
528 3260 591 3324 nisi
607 3260 772 3325 hominem
794 3258 883 3342 magi
907 3257 1075 3321 cuiusdam
1091 3254 1145 3320 vel
1167 3275 1283 3338 megae

215 3378 286 3432 arte
308 3366 412 3431 forma
434 3367 507 3431 talis
529 3367 665 3430 monstri
680 3367 726 3429 ita
741 3365 929 3445 coercitum,
953 3372 989 3427 ut
1005 3360 1142 3446 singulis
1157 3370 1283 3425 tantum

305 3580 349 3648 22)
369 3580 404 3636 cf.
420 3574 633 3650 ‘Sittengeseh‘
652 3577 692 3648 1⁶,
710 3593 740 3648 p.
759 3575 820 3632 540.

305 3669 352 3740 23)
372 3669 408 3728 cf.
424 3663 517 3724 ‘Po'e't
536 3666 587 3739 lyr.
607 3682 699 3738 graec
726 3665 771 3721 ed.
791 3658 894 3735 Bergk'
919 3661 971 3732 111,
990 3660 1100 3732 Sapph.
1118 3659 1222 3728 fragm.
1240 3658 1284 3713 40.

305 3759 351 3825 24)
369 3758 388 3815 i.
407 3775 432 3817 e.
444 3756 575 3829 Psychae
592 3754 715 3811 maritus
731 3754 762 3808 in
774 3751 940 3809 nmatione
952 3749 1116 3821 Apuleiana
1129 3749 1159 3802 et
1172 3744 1285 3816 Cupido

217 3859 248 3902 et
265 3847 417 3918 vipereum
434 3845 544 3902 malum
562 3849 616 3902 est.

306 3938 351 4006 25)
370 3936 417 3991 Ad
435 3935 514 3991 idem
526 3936 663 4006 spectant
674 3933 748 3988 haec
763 3931 852 3987 verba
870 3930 999 3999 (mamm.
1012 3925 1047 3992 V,
1064 3925 1112 3994 al)
1132 3923 1171 3990 ,in
1183 3921 1286 3979 eodem

217 4039 340 4095 corpore
359 4024 423 4081 odit
439 4025 573 4087 bestiam,
593 4021 687 4093 diligit
704 4020 860 4077 maritum‘

308 4113 353 4181 26)
373 4113 407 4170 cf.
425 4108 538 4168 ‘Friedh
558 4112 576 4166 l.
595 4106 621 4168 l.‘
641 4127 671 4182 p.
689 4111 752 4166 540.
