2896 5054
629 480 850 540 ..43-

199 679 299 742 maga
314 656 417 719 filium
433 657 511 741 quia
527 654 670 740 puellam
685 652 774 717 illam
791 663 888 734 amat,
912 654 947 716 in
964 654 1140 718 draconem
1156 664 1274 737 mutat;
1306 700 1312 713 .

198 762 336 848 singulis
365 771 473 826 autem
506 761 658 826 noctibus
687 770 723 824 ut
747 756 887 844 puellam
910 761 1092 842 intervisat,
1116 762 1275 826 concedit.

199 870 305 937 Simul
335 870 500 934 constituit
536 867 777 932 adulescentem
809 867 945 930 formam
973 866 1148 932 humanam
1182 891 1275 932 recu·

198 987 390 1064 peraturum
414 998 494 1056 esse,
519 976 582 1038 nisi
605 973 712 1059 puella
727 983 943 1058 praeceptum
956 973 1121 1059 quoddam
1136 973 1275 1042 laeserit.

199 1083 317 1169 (Belle,
351 1082 370 1146 l.
399 1081 418 1148 l.
449 1104 479 1167 p.
514 1083 564 1150 13.
590 1104 636 1166 sq.
695 1079 987 1144 Friedlaende'rum
1021 1080 1107 1144 idem
1142 1104 1275 1147 censere

200 1192 410 1276 perspicuum
434 1191 504 1266 est.)
548 1187 670 1252 Contra
693 1189 790 1254 istam
814 1189 1036 1252 coniecturam
1059 1187 1147 1253 haud
1169 1211 1274 1273 pauca

199 1298 405 1381 oppositurus
434 1319 513 1359 sum.
561 1295 611 1358 Ac
640 1294 781 1378 primum
810 1294 942 1378 quidem
966 1294 1204 1359 Germanorum
1227 1295 1273 1358 fa-

96 1479 100 1482 ,
198 1402 284 1467 bella
307 1425 327 1464 a
345 1400 599 1465 Friedlaendero
623 1400 721 1464 allata
736 1399 816 1463 nihil
832 1401 983 1483 efficitur,
1008 1401 1095 1485 quod
1110 1400 1273 1483 „Schnee-

198 1507 358 1573 witchen“
393 1507 514 1572 fabella
546 1529 677 1593 prorsus
710 1505 804 1571 aliter
832 1518 990 1593 concepta
1013 1518 1073 1589 est,
1105 1531 1203 1593 quam
1227 1508 1273 1572 fa-

198 1614 303 1681 bellae
330 1614 406 1678 illae
438 1637 522 1700 quae
551 1624 627 1678 sunt
664 1613 704 1676 de
736 1615 874 1695 „marito
906 1614 1069 1681 animali.“
1122 1615 1207 1678 Nam
1237 1616 1272 1679 in

201 1721 438 1786 Germanorum
470 1719 591 1784 fabella
623 1741 798 1783 novercam
832 1720 1061 1804 perpulchram
1099 1722 1270 1807 privignae

199 1828 390 1915 pulchrioris
407 1828 602 1891 formositati
619 1827 768 1891 invidere
784 1827 979 1912 (eodemque
995 1829 1091 1892 modo
1106 1830 1271 1894 Venerem

201 1934 376 2020 pulchriori
401 1932 529 2019 puellae
552 1934 678 2017 regiae)
703 1943 954 1997 consentaneum
978 1935 1203 2000 videturesse
1229 1975 1269 1983 —

201 2064 295 2106 anum
323 2064 402 2106 vero
432 2063 563 2124 magam
592 2040 627 2103 id
654 2040 857 2124 potissimum
885 2041 1027 2122 studere,
1056 2053 1093 2106 ut
1123 2043 1270 2126 pulcher-

199 2150 283 2212 rima
315 2149 414 2212 totius
444 2145 532 2212 orbis
562 2145 678 2209 mulier
702 2145 897 2229 celebretur,
935 2169 1066 2231 prorsus
1088 2150 1269 2213 inauditum

198 2265 256 2319 est.
302 2253 346 2318 Et
371 2264 530 2338 cognatae
556 2252 695 2317 fabellae
719 2274 828 2316 omnes
852 2252 945 2318 nobis
969 2254 1117 2337 suadent,
1142 2266 1178 2319 ut
1202 2257 1269 2320 ani·

196 2382 288 2423 mum
315 2359 509 2422 invidiosum
533 2360 675 2439 Veneri,
707 2381 772 2423 non
800 2382 917 2445 magae
940 2360 1107 2426 fabulosae
1131 2363 1270 2427 ascriba-

198 2485 286 2527 mus:
326 2473 448 2526 vexant
484 2466 516 2528 in
553 2465 681 2529 fabellis
725 2465 935 2550 popularibus
981 2490 1062 2531 anus
1106 2470 1270 2533 veneficae

200 2568 360 2652 homines3
391 2593 449 2634 cur
476 2581 582 2635 autem
614 2583 751 2654 vexent,
783 2573 887 2637 frusta
914 2576 1122 2659 quaesiveris.
1177 2576 1269 2640 Mera

193 2685 356 2761 postremo
375 2678 561 2742 coniectura
578 2688 635 2759 est,
661 2679 748 2765 quod
763 2680 1039 2762 Friedlaender20)
1066 2705 1164 2745 anum
1179 2682 1269 2746 illam

192 2783 391 2846 carminibus
429 2786 495 2847 suis
519 2785 553 2847 id
585 2786 728 2849 effecisse
765 2787 945 2868 existimat,
978 2797 1013 2851 ut
1045 2787 1147 2851 filium
1175 2812 1269 2853 suum

194 2888 344 2953 draconis
372 2890 477 2954 forma
509 2901 665 2955 coerceat.
713 2892 837 2958 Omitto
866 2917 1019 2957 enarrare
1054 2917 1151 2979 quam
1184 2896 1268 2959 male

190 2992 252 3058 hac
286 2997 475 3059 coniectura
506 3009 643 3082 accepta
671 2999 791 3063 fabella
814 3001 977 3085 popularis
1001 3002 1173 3085 procedat,
1202 3025 1267 3066 non

190 3123 330 3186 expone,
355 3125 454 3187 quam
477 3105 549 3166 veri
574 3105 728 3169 dissimile
752 3109 793 3170 sit
816 3130 947 3191 magam
970 3107 1096 3191 puellae
1122 3109 1196 3172 odio
1219 3110 1267 3171 in-

188 3207 389 3272 flammatam
412 3209 477 3273 filio
502 3233 560 3274 suo
584 3213 784 3295 permittere,
815 3222 850 3276 ut
874 3236 1023 3297 sponsam
1047 3225 1147 3278 noctu
1171 3217 1265 3295 visat,

187 3336 254 3377 non
283 3315 413 3399 explico
443 3327 579 3399 ceteras,
616 3341 699 3404 quae
723 3318 784 3382 hac
809 3321 995 3383 coniectura
1018 3320 1159 3384 admissa
1182 3322 1266 3384 exsi-

188 3430 277 3484 stunt
302 3420 527 3492 difficultates:
552 3426 782 3507 gravissimum
806 3426 867 3490 hoc
892 3436 953 3490 est:
983 3428 1017 3490 in
1041 3425 1168 3490 fabellis
1192 3449 1266 3512 cog-

191 3538 275 3592 nat‘s
307 3527 435 3610 puellae
463 3531 599 3593 maritus
628 3553 693 3594 non
721 3532 794 3597 ideo
817 3531 942 3596 bestiae
967 3534 1137 3596 cuiusdam
1161 3534 1265 3598 forma

186 3631 319 3695 indutus
344 3644 404 3713 est,
429 3634 517 3719 quod
541 3648 654 3700 contra
677 3640 788 3701 matris
804 3639 1004 3703 voluntatem
1020 3638 1161 3723 puellam
1178 3662 1264 3703 ama·

186 3747 295 3818 verat,
335 3739 393 3802 sed
431 3739 528 3825 longe
568 3741 631 3804 alia
664 3742 704 3807 de
735 3745 876 3822 causan)
903 3783 935 3790 -
969 3755 1067 3829 atque
1099 3744 1264 3808 Venerem

184 3843 315 3928 puellae
348 3846 515 3910 cuiusdam
540 3848 733 3913 formositati
756 3851 966 3932 invidentem,
991 3853 1154 3915 Venerem
1167 3851 1263 3936 Cupi-

276 4005 321 4069 20)
342 4004 377 4058 cf.
397 4022 426 4075 p.
448 4007 509 4060 sea

276 4093 322 4159 21)
342 4093 407 4148 Non
427 4095 514 4149 huius
534 4096 750 4151 dissertationis
770 4102 816 4151 est
827 4097 943 4167 longius
957 4098 992 4152 de
1006 4115 1042 4152 ea
1058 4115 1088 4151 re
1102 4097 1262 4167 disputare,

185 4196 277 4249 quam
296 4183 435 4237 tractavit
453 4182 564 4238 Kohler
583 4183 612 4250 (l.
632 4184 649 4237 l.
668 4202 697 4256 p.
717 4188 760 4241 32.
780 4188 814 4241 37
826 4188 914 4256 sqq.).
