2896 5054
619 472 837 529 ..41-

185 667 250 708 von
266 643 377 708 Milet»
396 641 560 706 wohnend
582 665 622 704 zu
636 642 806 724 denken“;
831 652 864 705 et
887 642 984 727 paulo
1007 643 1103 725 infra,
1120 664 1152 729 p.
1166 646 1258 710 145.:

185 752 283 832 „Von
320 749 432 813 Hause
471 772 529 812 ens
569 750 623 812 ein
650 749 684 811 in
714 748 806 812 Milet
839 749 1038 814 lokalisirtes
1069 750 1260 814 M‘archenf‘

187 896 227 904 -—
252 856 351 938 Quod
374 858 401 919 si
424 878 505 920 vero
530 877 738 940 quaeremus,
768 854 887 940 quibus
916 857 1118 940 argumentis
1142 857 1259 922 Dietze

186 965 247 1027 hoc
275 965 498 1028 demonstrare
532 962 701 1041 studuerit,
734 983 900 1046 perpauca
928 963 1140 1027 inveniemus,
1187 963 1259 1027 Hoc

187 1073 274 1134 enim
307 1068 485 1133 tenendum
508 1078 572 1132 est:
610 1067 650 1130 de
677 1068 770 1132 initio
798 1067 935 1132 fabellae
966 1069 1142 1154 popularis,
1177 1091 1260 1155 quse

186 1181 221 1241 in
249 1176 361 1240 fabula
388 1175 571 1260 Apuleiana
601 1174 673 1259 plus
701 1176 852 1239 minusve
880 1185 1078 1239 commutate
1106 1177 1204 1255 inest,
1233 1177 1260 1238 si

187 1284 259 1369 quis
301 1283 383 1346 certi
426 1280 551 1367 aliquid
593 1290 772 1345 statutmus
814 1290 880 1362 est,
927 1280 1086 1346 similibus
1125 1282 1261 1346 aliarum

186 1389 380 1454 fabellarum
396 1388 474 1452 locis
491 1387 634 1452 collectis
650 1399 683 1451 et
697 1387 804 1451 allatis
819 1409 895 1452 eum
910 1387 1130 1473 comparando
1146 1396 1260 1466 terum

186 1496 323 1561 fabellae
352 1496 481 1558 initium
509 1496 707 1578 investigare
739 1515 871 1559 necesse
901 1505 958 1558 est.
1006 1487 1122 1559 Dictae
1152 1506 1261 1559 nutem

188 1626 230 1668 ex
253 1604 401 1687 cognatis
424 1600 550 1665 t'ebellis
566 1600 697 1682 nullam,
723 1623 789 1686 qua
803 1603 999 1666 sententiam
1016 1624 1108 1666 suam
1124 1601 1259 1676 fulciret,

188 1709 305 1790 attulit,
329 1710 427 1772 immo
451 1706 702 1770 nullamafferre
717 1709 831 1791 potuit.
863 1707 974 1772 Unum
984 1718 1112 1773 tantum
1123 1707 1261 1771 fabellae

78 1866 84 1876 .
188 1817 357 1882 cuiusdam
381 1813 547 1899 popularis
573 1815 747 1898 vestigium
762 1815 934 1899 indagasse
950 1837 985 1878 se
1001 1798 1118 1878 Dietne
1134 1824 1260 1879 censet:

188 1921 346 2006 Apollinis
370 1921 489 1984 Milesii
525 1920 691 1984 oraculum
731 1920 763 2006 (l.
788 1921 808 1984 l.
835 1944 867 2006 p.
893 1925 989 2001 140.).
1036 1921 1108 2002 Quo
1146 1921 1261 1985 funde·

190 2039 297 2093 mento
327 2031 432 2114 posito
465 2038 575 2091 cetera
608 2030 773 2091 exstruxit
797 2028 839 2091 ed
864 2028 1107 2092 similitudinem
1130 2026 1261 2093 fabulae

187 2136 400 2221 Apuleianae.
465 2136 504 2198 Iu
538 2136 683 2198 oratioue
714 2136 812 2214 enim,
851 2156 915 2220 que
946 2134 1096 2220 Psychae
1136 2157 1262 2200 sorores

187 2241 329 2327 puellam
361 2243 405 2306 ad
432 2243 466 2305 id
495 2240 673 2325 impellunt.
712 2253 747 2306 ut
774 2243 886 2306 mariti
913 2251 1128 2327 praeceptum
1151 2241 1260 2316 violet,

122 2392 123 2395 κ
188 2349 348 2433 Pythicae
379 2371 504 2432 quoque
533 2349 625 2413 sortis
653 2350 851 2413 mentionem
879 2349 1011 2412 faciunt.
1059 2347 1168 2428 Quam
1192 2371 1262 2412 ora-

190 2456 312 2516 tionem
347 2476 389 2516 ex
420 2453 538 2518 fabella
576 2453 725 2539 populari
758 2455 891 2519 fluxisse
924 2455 1042 2520 Dietze
1081 2478 1139 2539 pro
1173 2465 1262 2520 certo

194 2559 303 2641 habet,
336 2583 374 2624 ec
408 2561 552 2644 profecto
580 2583 705 2626 sorores
733 2561 893 2647 malignae
915 2564 950 2626 in
970 2559 1090 2626 fabella
1113 2562 1263 2647 populari

191 2688 319 2751 quoqne
353 2690 465 2730 omues
499 2668 588 2733 dolos
621 2669 748 2733 molitas
787 2677 857 2733 esse
885 2669 1060 2733 verisimile
1090 2678 1147 2733 est.
1194 2669 1262 2733 Ista

189 2794 267 2836 vero
296 2773 398 2837 oratio
429 2774 513 2838 adeo
544 2774 708 2839 rhetorum
738 2776 1003 2861 exquisitissimis
1030 2774 1177 2840 artificiis
1205 2798 1261 2839 ex-

189 2889 304 2943 ornata
312 2877 350 2961 18)
376 2889 435 2963 est,
459 2891 495 2944 ut
520 2891 587 2945 tota
612 2882 745 2946 minime
768 2906 810 2946 ex
826 2881 966 2968 simplici
976 2880 1097 2946 fabella
1113 2881 1263 2968 populari

190 2985 331 3051 fluxerit.
387 2986 550 3066 Quoniam
575 3000 686 3053 autem
709 2988 799 3053 nulla
822 2988 943 3054 fabella
968 3000 1108 3072 cognata
1131 2987 1262 3054 demon·
1293 2992 1299 3006 ⁸

189 3103 291 3158 strare
321 3115 492 3178 possumus
516 3093 643 3178 puellae
676 3117 803 3161 sorores
831 3106 950 3160 sortem
973 3094 1145 3180 Pythicam
1178 3117 1262 3159 com-

188 3221 394 3281 memorasse,
435 3200 586 3285 equidem
625 3211 744 3266 sortem
780 3204 835 3266 isti
868 3203 1008 3266 orationi
1036 3224 1078 3265 ex
1106 3203 1262 3266 memoria

185 3305 311 3370 oraculi
338 3307 481 3392 (metam
510 3307 567 3371 IV.
592 3309 657 3387 33.)
681 3330 719 3371 ea
747 3320 853 3373 mente
876 3310 1051 3372 immissam
1076 3330 1146 3372 esse
1170 3317 1262 3393 puta-

188 3415 304 3495 verim,
328 3423 364 3477 ut
380 3413 510 3499 Psycha
533 3415 650 3499 ignare
673 3438 771 3500 quam
785 3417 987 3502 penitissime
997 3416 1106 3479 animo
1124 3437 1262 3479 commo·

188 3528 328 3583 veretur.
380 3519 496 3604 Itaque
529 3520 595 3598 solo
626 3524 820 3598 narrationis
847 3522 1050 3608 Apuleianac
1084 3523 1178 3586 initio
1212 3524 1261 3587 usi

281 3733 324 3796 18)
343 3730 479 3801 Exempli
498 3747 588 3787 causa
605 3733 695 3787 affero
708 3734 792 3788 haec:
812 3733 1009 3800 ,seemesimue
1021 3732 1134 3788 bestiae
1148 3731 1263 3803 sepeliri

188 3821 367 3882 visceribus,
386 3820 417 3876 id
436 3820 518 3892 quod
536 3821 669 3876 inaudita
686 3822 844 3876 verborum
862 3821 1055 3876 translatione
1066 3822 1129 3877 lere
1143 3820 1261 3890 Gorgia·

188 3927 260 3965 num
279 3909 351 3963 illud
369 3909 556 3964 notissimum
575 3910 733 3980 adaequat:
750 3904 848 3978 ‘pines
868 3912 992 3982 ἔμψυχοι
1011 3902 1118 3982 solutos,
1142 3909 1188 3962 vel
1206 3908 1267 3965 hoc.

146 4026 150 4032 ·
189 3999 375 4054 enuntiatum
400 4014 516 4054 summo
541 4002 656 4054 tumore
683 3998 890 4054 molestissime
915 3999 1063 4054 inflatum:
1092 3997 1209 4070 ,quodsi
1231 4002 1262 4053 te

188 4088 265 4143 ruris
284 4087 371 4142 huius
390 4086 499 4142 vocalis
518 4087 646 4142 solitudo
664 4087 711 4141 vel
729 4079 927 4143 clandestinae
940 4089 1054 4144 veneris
1066 4086 1168 4142 faetidi
1188 4086 1261 4158 peri·

190 4176 342 4247 culosique
351 4176 525 4232 concubitus
535 4178 566 4231 et
574 4175 710 4231 venenati
720 4177 865 4246 serpentis
875 4177 1029 4248 amplexus
1043 4176 1191 4232 delectant
1204 4215 1210 4229 .
1225 4222 1230 4234 .
1245 4179 1261 4228 ⁸.
