2896 5054
682 492 813 557 ,46
864 531 895 538 --

258 667 419 732 obstinato
444 670 552 733 animo
577 724 583 737 .
667 669 773 734 adhuc
788 670 911 733 incerta
927 670 1051 733 consilii
1068 670 1186 734 titubat
1203 671 1329 736 multis-

258 797 320 860 que
359 772 552 840 calamitatis
591 800 668 841 suae
708 775 897 840 distrahitur
929 776 1109 842 affectibus.
1166 778 1327 855 Festinat,

258 882 379 966 differt3
415 883 528 965 audet,
562 885 718 969 trepidat3
759 885 888 965 diffidit,
921 885 1072 949 irascitur
1095 895 1136 967 et,
1165 885 1252 970 quod
1277 897 1330 950 est

158 996 163 1005 ’
256 988 416 1073 ultimum,
441 993 475 1054 in
498 991 612 1055 eodem
636 1014 769 1077 corpore
785 992 853 1056 odit
869 990 1016 1073 bestiam,
1042 990 1146 1076 diligit
1161 993 1329 1056 maritum·

345 1097 395 1161 Ac
425 1098 563 1162 Veneris
596 1100 740 1163 animum
768 1099 849 1163 adeo
873 1100 931 1181 ira,
958 1099 1183 1184 indignatione
1206 1100 1330 1184 agitari

256 1204 407 1288 Xfingit‚
431 1215 468 1269 ut
492 1229 564 1269 eam
589 1205 641 1269 bis
666 1229 777 1270 secum
805 1206 986 1292 loquentem
1010 1205 1144 1270 inducat
1167 1206 1239 1284 (IV.
1259 1209 1329 1289 29„

255 1310 296 1374 V.
323 1313 375 1392 29,
400 1314 474 1392 30.).
682 1401 685 1406 y

346 1419 474 1484 Deinde
497 1442 561 1483 non
600 1421 700 1485 semel
733 1444 784 1485 res
809 1423 877 1485 vita
903 1432 935 1485 61
963 1444 1060 1485 sensu
1084 1432 1231 1486 carentes
1257 1423 1329 1485 ani-

257 1536 360 1589 matas
404 1549 474 1591 esse
503 1527 631 1593 simulat
653 1528 894 1620 'loquentesque
924 1538 956 1593 et
983 1537 1116 1613 agentes
1148 1528 1256 1597 facit..
1273 1529 1329 1614 ¹In

255 1631 381 1697 fabellis
391 1633 601 1719 popularibus
613 1634 678 1700 tale
686 1635 765 1721 quid
775 1636 936 1700 interdum
944 1635 1015 1699 fieri
1022 1657 1120 1720 supra
1129 1641 1173 1721 (p.
1181 1637 1232 1701 21.
1241 1659 1314 1723 sqq.
1317 1687 1327 1719 ‚

257 1741 311 1808 30.
337 1743 430 1826 sqq.‚)
460 1741 615 1826 vidimus3
651 1764 712 1806 nec
740 1765 817 1807 vero
847 1766 904 1807 nos
934 1742 1019 1827 fugit
1041 1740 1129 1806 haud
1152 1726 1259 1828 pauca
1283 1743 1328 1808 ab

255 1846 309 1912 illo
348 1848 381 1911 X
410 1872 479 1913 esse
512 1859 723 1927 commutata,
763 1849 917 1914 nonnulla
945 1849 1077 1914 addita.
1134 1851 1240 1915 Locos
1279 1852 1328 1916 af·

152 2038 154 2042 ,
254 1955 321 2019 fero
346 1955 420 2021 hos:

344 2063 384 2138 V,
409 2064 460 2130 35.
493 2064 657 2150 Psycham
680 2064 890 2150 Zephyrus1)
914 2062 1071 2128 sublevat.
1120 2064 1175 2150 (cf.
1195 2088 1328 2152 quoque

256 2170 297 2252 V,
324 2173 353 2236 1.
380 2173 410 2239 8.
439 2174 487 2237 14.
514 2175 564 2238 15.
592 2175 641 2238 17.
666 2171 729 2257 21).

346 2279 385 2360 V,
411 2282 462 2344 22.
507 2279 646 2344 Ferrum
670 2279 784 2346 evolat.

344 2387 384 2467 V,
411 2389 462 2452 23.
507 2387 659 2454 Lucerna
684 2386 811 2451 basiare
833 2387 936 2472 gestit.

344 2493 384 2572 V,
410 2496 462 2560 25.
510 2494 644 2558 Fluvius
669 2493 831 2580 Psycham
855 2517 951 2579 super
973 2495 1079 2579 ripam
1102 2495 1244 2578 exponit.

346 2600 402 2683 VI,
426 2604 478 2666 28.
503 2601 610 2666 Gravia
634 2624 707 2665 cum
730 2602 858 2666 Venere
884 2600 1084 2687 colloquitur.

347 2709 402 2786 VI,
430 2712 478 2776 10.
524 2710 676 2774 Formica
699 2708 801 2774 rerba
823 2708 910 2773 facit.

345 2817 403 2894 VI,
432 2820 481 2882 12.
528 2817 664 2881 Arundo
689 2817 895 2881 vaticinatur.

346 2924 402 3005 VI,
430 2927 481 2990 14.
527 2924 652 3005 ‚Semet
675 2925 765 3009 ipsae
789 2925 979 2988 muniebant
1007 2923 1137 2988 vocales
1160 2924 1284 3007 aquae‘.

345 3031 403 3113 VI,
432 3034 484 3097 15.
533 3025 626 3096 'Jovis
650 3029 767 3115 regalis
797 3030 861 3095 ales
886 3031 1019 3117 loquens
1043 3031 1215 3094 inducitur.

347 3137 406 3220 VI,
432 3141 481 3205 17.
529 3138 641 3202 Turris
664 3139 844 3224 prorumpit
867 3140 900 3201 in
924 3160 1046 3202 vocem.

283 3325 285 3328 .
344 3247 605 3310 Tertiumrerum
622 3245 824 3332 quarundam
840 3255 948 3331 partes
965 3253 997 3308 61
1012 3242 1191 3329 particulae
1198 3266 1324 3309 summo

256 3354 374 3434 studio,
413 3375 477 3416 non
512 3354 582 3416 sine
606 3361 676 3416 arte
700 3351 944 3434 describuntur,
983 3351 1096 3415 ordine
1121 3362 1325 3414 enarrantur.

256 3458 356 3523 Cuius
379 3461 508 3544 generis
531 3469 605 3523 sunt
628 3459 725 3524 haec:
749 3459 808 3523 IV.
826 3461 878 3525 29.
908 3459 1043 3544 Paphon
1066 3479 1170 3540 neme,
1195 3457 1325 3522 Cnidon

179 3556 183 3561 ⁵
255 3589 349 3631 nemo
378 3589 416 3630 ac
446 3591 488 3633 ne
520 3568 589 3652 ipsa
618 3566 751 3653 quidem
775 3565 918 3652 Cythera
941 3566 982 3630 ad
1006 3575 1215 3650 conspectum
1240 3564 1325 3630 deae

256 3674 395 3741 Veneris
424 3673 633 3759 navigabant.
680 3673 781 3739 Sacra
809 3673 882 3738 diae
910 3683 1173 3758 praetereuntur,
1203 3671 1326 3757 templa

257 3782 492 3864 deformantur,
524 3781 722 3867 pulvinaria·
741 3792 954 3867 spernuntur,
978 3780 1198 3851 caerimoniae,
1215 3779 1326 3864 negle-

257 3899 386 3975 guntur,
412 3889 602 3953 incoronata
618 3887 789 3953 simulacra
805 3898 837 3952 et
852 3910 928 3952 arae
945 3887 1063 3952 viduae
1079 3887 1198 3972 frigido
1215 3887 1326 3952 cinere

256 3997 416 4062 foedatae.
1290 4006 1293 4012 '

346 4142 372 4205 1)
391 4138 496 4195 Utrum
514 4137 544 4191 in
563 4137 667 4193 fabella
685 4137 819 4209 populari
837 4136 934 4208 puelle
952 4136 1082 4207 Zephyro
1101 4152 1139 4190 an
1153 4133 1327 4204 simpliciter

256 4231 343 4285 vento
363 4228 516 4285 sublevate
534 4228 581 4298 sit,
600 4227 727 4285 discenn
744 4227 855 4298 nequit.
