2896 5054
617 432 840 565 ,612

184 681 310 766 flagitia
336 690 369 743 et
392 677 473 741 nihil
496 701 626 762 prorsus
650 678 728 767 boni
750 677 849 741 facit‘.
888 676 963 741 Jam
988 678 1103 741 merito
1126 675 1253 742 dubita-

188 787 293 852 bimus
308 786 475 871 possintne
499 784 575 848 talia
605 784 647 849 ab
670 808 735 849 uno
758 783 977 869 scriptorem)
1000 785 1109 869 pangi.
1156 783 1254 847 Vide·

185 917 256 959 mus
284 893 335 956 his
364 891 443 956 locis
471 892 523 971 (V.
540 894 593 973 30,
609 892 666 955 Vl.
682 894 737 970 22)
760 891 922 956 rhetorem
946 890 1101 975 frigidum
1123 889 1254 955 sordida

185 1012 218 1065 et
245 1001 375 1084 impura
398 998 502 1063 verba
524 999 640 1062 misere
663 1009 863 1073 tornantern3
900 999 1015 1061 ceteris
1039 1007 1149 1062 autem
1173 1019 1253 1082 quos

186 1105 283 1171 modo
315 1105 408 1170 attuli
431 1104 511 1169 locis
539 1116 658 1191 quanto
687 1106 793 1169 studio
817 1113 939 1189 quanta
961 1103 1131 1189 diligentia
1153 1126 1253 1190 quan-

187 1224 221 1278 to
246 1223 281 1276 ut
303 1213 350 1276 ita
374 1211 480 1275 dicam
503 1233 612 1277 amore
641 1210 787 1297 singulae
810 1234 863 1277 res
886 1212 1091 1295 excogitatae
1115 1220 1148 1275 et
1171 1232 1253 1275 com·

189 1309 314 1405 positae
338 1328 425 1400 sunt,
462 1342 560 1404 quam
582 1319 689 1403 lepide
712 1318 814 1383 Amor
837 1317 1002 1383 illuditur!

275 1427 391 1512 Itaque
436 1427 497 1489 etsi
540 1448 605 1490 non
650 1435 776 1489 certum
815 1434 957 1489 attamen
996 1423 1170 1488 verisimile
1208 1434 1255 1489 est

186 1532 278 1600 illum
306 1555 403 1618 quem
436 1533 534 1597 statui
563 1533 596 1595 X
625 1554 690 1595 non
720 1554 789 1596 esse
817 1530 1004 1617 Apuleium,
1037 1531 1093 1595 sed
1122 1530 1254 1615 scripto·

187 1664 257 1705 rem
286 1641 442 1704 eroticum
467 1639 683 1717 Graecumffl).
731 1639 857 1704 Graece
889 1648 997 1702 autem
1021 1637 1191 1722 Cupidinis
1224 1646 1256 1700 et
1308 1646 1315 1737 t¹

188 1748 335 1837 Psychae
368 1769 493 1811 amores
526 1745 567 1810 ab
596 1744 827 1831 Aristophonte
864 1747 899 1808 in
931 1744 1021 1809 libris
1061 1745 1117 1830 qui
1150 1744 1255 1828 Dysa·

187 1856 285 1921 restio
309 1853 531 1919 inscribuntur
554 1864 685 1916 narrata
707 1853 854 1933 erant22).
901 1851 966 1917 Sed
981 1851 1016 1915 X
1039 1873 1110 1915 esse
1132 1849 1256 1915 Aristo-

190 1962 342 2047 phontem
365 1962 565 2045 negaverim,
594 1960 680 2045 quod
703 1958 788 2024 hanc
811 1958 955 2023 fabulam
979 1959 1115 2041 ,enormi
1140 1955 1256 2021 verbo-

189 2092 259 2133 rum
283 2070 423 2133 circuitu
447 2068 571 2133 discere
595 2065 801 2152 cupientibus
824 2065 985 2152 prodidit‘.
1029 2064 1125 2145 Quod
1148 2075 1256 2128 autem
1315 2104 1320 2117 κ

191 2177 383 2262 Fulgentius
401 2176 562 2261 expressis
578 2173 688 2239 verbis
704 2172 781 2239 talia
793 2174 991 2259 pronuntiat,
1014 2170 1256 2256 Aristophontis

190 2285 231 2349 de
255 2282 419 2369 Cupidine
443 2294 476 2346 et
492 2281 620 2367 Psyche
643 2281 755 2347 fabula
777 2280 931 2344 tumidius
955 2317 995 2326 -
1020 2278 1082 2343 hoc
1105 2277 1253 2341 conicere
1317 2306 1320 2313 ·

187 2391 264 2454 licet
282 2429 322 2436 -
340 2399 471 2454 narrate
487 2398 558 2455 erat
573 2388 772 2475 Apuleiana:
795 2387 972 2473 Apuleium
987 2397 1096 2450 autem
1112 2384 1256 2449 fabulam
1316 2346 1321 2477 l

192 2506 433 2561 reuertaturum
468 2520 532 2561 non
556 2497 784 2582 compressisse
806 2517 878 2558 eam
901 2492 958 2557 sed
981 2493 1111 2557 inflasse
1143 2493 1255 2556 verisi·
1318 2496 1324 2571 ¹,

191 2602 266 2667 mile
289 2613 345 2668 est.
369 2603 435 2668 Sed
458 2626 523 2669 uon
547 2604 629 2668 adeo
652 2601 827 2667 dolendum
850 2611 899 2665 est
916 2600 1002 2686 quod
1018 2598 1255 2684 Aristophontis

190 2711 320 2774 nomine
335 2709 370 2773 X
394 2709 557 2794 appellare
572 2733 637 2773 non
655 2709 742 2789 licet,
766 2708 980 2793 nequeenim
1004 2706 1045 2770 de
1064 2704 1117 2769 illo
1133 2704 1256 2769 Aristo·

186 2816 305 2902 phonte
328 2816 395 2881 ulla
418 2825 584 2900 praeterea
608 2816 723 2881 notitia
747 2814 789 2878 ad
815 2835 874 2877 nos
896 2813 1060 2898 pervenit:
1094 2820 1127 2876 et
1156 2834 1256 2898 quan-

192 2921 297 2984 tillum
320 2924 451 2984 nomine
465 2921 646 2988 lucramur?
674 2921 760 2987 Satis
784 2919 937 3006 estquod
956 2942 999 2984 ex
1015 2918 1134 3004 Apulei
1145 2941 1255 2982 narra-

190 3029 277 3091 tione
311 3027 351 3090 de
384 3028 515 3112 ingenio
548 3026 631 3090 illius
661 3029 695 3091 X
717 3051 823 3113 pauca
859 3027 1019 3091 discimus.
1061 3025 1140 3107 Qua
1163 3026 1197 3089 in
1220 3049 1255 3090 re

187 3158 313 3198 summa
331 3156 405 3196 oum
427 3134 576 3197 cautione
592 3134 803 3199 iudicandum
818 3157 887 3199 esse
904 3144 1057 3219 apparet:
1082 3134 1153 3217 quis
1169 3134 1255 3197 enim

188 3252 341 3306 accurate
376 3241 561 3305 discernere
584 3250 704 3325 potest,
739 3240 817 3328 quid
841 3240 1037 3305 narrationis
1060 3262 1103 3304 ex
1126 3238 1257 3324 Apulei,

188 3349 267 3433 quid
291 3371 333 3411 ex
349 3347 435 3412 illius
450 3347 485 3411 X
508 3349 615 3413 animo
632 3348 787 3413 fluxerit?
810 3348 970 3432 Exceptis
986 3346 1083 3411 rebus
1106 3347 1152 3410 eis
1176 3368 1255 3431 quas

187 3478 283 3538 supra
306 3455 350 3540 (p.
374 3457 417 3521 58
442 3458 499 3541 sq.)
523 3454 660 3541 Apuleio
683 3454 868 3537 tribuimus,
892 3477 993 3519 unum
1018 3462 1105 3517 certo
1130 3452 1252 3516 iudicio

189 3562 351 3625 affirmare
374 3585 555 3647 possumus:
581 3563 713 3626 dicendi
735 3584 847 3647 genus,
877 3584 939 3647 quo
963 3559 1120 3645 Apuleius
1143 3561 1256 3639 utitur,

277 3774 339 3843 202)
359 3773 460 3831 Dietze
480 3782 519 3845 (p.
540 3776 591 3830 145
602 3774 657 3846 sq.)
676 3773 800 3831 eandem
818 3773 975 3845 profitetur
992 3770 1175 3829 sententiam.

276 3864 321 3930 21)
343 3863 516 3930 ,Graecum“
538 3879 602 3919 esse
621 3862 794 3934 scriptorem
812 3861 894 3917 illum
906 3860 934 3916 X
946 3861 1072 3917 arbitror
1088 3862 1210 3932 propter
1221 3875 1257 3914 ea

189 3967 265 4021 quae
283 3951 339 4006 hoo
358 3951 571 4008 dissertationis
596 3950 692 4024 capite
716 3951 828 4024 eposui.
865 3949 989 4006 Accedit
1011 3949 1092 4022 quod
1114 3947 1255 4019 Apuleius

185 4039 216 4094 in
236 4039 511 4111 metamophosibus
529 4040 737 4097 Graecorum
755 4039 933 4111 scriptorum
945 4038 1059 4094 fabulas
1078 4069 1112 4080 —
1130 4053 1189 4092 non
1203 4035 1256 4090 Ro·

186 4144 342 4184 manorum
362 4159 391 4169 -
412 4129 443 4183 iu
461 4145 549 4185 usum
567 4145 654 4187 snum
672 4128 825 4186 convertit.

276 4217 321 4287 22)
341 4217 375 4272 cf.
393 4211 583 4286 ‘Fulgentius
601 4213 767 4290 mytholog?
787 4217 838 4286 ΙΙΙ,
857 4219 881 4272 6.
