2896 5054
674 475 891 538 ..52-

246 675 342 739 quem
366 653 571 737 grammatici
594 650 669 716 olim
686 651 846 714 immerito
862 663 1032 732 ,tumorem
1042 649 1204 714 Africum‘
1220 671 1320 715 voea-

245 760 334 824 bant.
366 759 486 823 Tribus
503 758 660 843 exemplis
683 757 789 821 allatis
809 793 851 804 -
866 758 1000 844 ‘adsunt
1012 756 1177 842 permulta
1199 755 1263 826 alia
1276 795 1321 804 -

246 864 331 930 hano
356 866 548 931 sententiam
574 865 686 930 fulcio:
727 865 882 949 Legimus
905 865 960 945 (V.
983 863 1027 948 6.)
1050 863 1145 928 haec:

335 972 380 1036 Et
411 974 599 1057 imprimens
638 971 746 1037 oscula
785 972 929 1035 suasoria
967 981 999 1034 et
1037 971 1183 1035 inserens
1215 971 1324 1035 verba

248 1077 425 1142 mulcentia
463 1089 496 1143 et
528 1081 680 1164 ingerens
714 1077 859 1142 membra
893 1077 1078 1142 cohibentia
1113 1077 1197 1142 haec
1219 1079 1324 1141 etiam

248 1184 415 1276 blanditiis
448 1187 576 1251 astruit:
608 1188 665 1268 ,mi
688 1185 826 1266 mellite,
850 1187 895 1249 mi
918 1185 1045 1267 marite,
1069 1195 1145 1249 tuae
1169 1184 1323 1270 Psychae

250 1290 352 1356 dulcis
375 1293 504 1356 anima‘.

276 1424 281 1430 ·
338 1399 380 1482 V,
406 1402 458 1465 28.
491 1399 587 1481 Quod
610 1399 663 1465 ille
688 1399 819 1486 quidem
842 1410 994 1464 montano
1011 1409 1165 1480 scortata
1189 1407 1225 1463 tu
1241 1421 1326 1463 vero

250 1507 376 1570 marino
399 1516 513 1570 natatu
536 1508 740 1588 secesseritis,
764 1529 803 1570 ac
826 1529 883 1591 per
905 1506 967 1570 hoo
990 1528 1055 1569 non
1078 1505 1230 1590 voluptas
1245 1504 1325 1587 ulla,

253 1635 319 1677 non
334 1615 450 1698 gratia,
472 1635 536 1677 non
551 1613 655 1698 lepos;
682 1613 740 1679 sed
758 1615 922 1699 incompta
938 1626 970 1678 et
985 1614 1127 1699 agrestia
1142 1621 1175 1676 et
1189 1611 1327 1676 horrida

248 1730 377 1784 cuneta
409 1722 484 1803 sint,
519 1743 585 1785 non
616 1723 749 1806 nuptiae
780 1721 976 1805 coniugales,
1000 1743 1066 1785 non
1090 1720 1253 1783 amicitiae
1278 1743 1330 1784 so·

255 1827 367 1910 ciales,
398 1849 464 1891 non
487 1827 626 1892 liberum
659 1830 824 1912 caritates,
858 1829 913 1893 sed
942 1829 1081 1891 enormis
1105 1825 1270 1891 conluvies
1297 1838 1331 1891 et

255 1933 471 2019 squalentium
494 1933 663 1998 foederum
686 1937 820 1999 insuave
843 1934 1019 2004 fastidium,

343 2060 401 2123 VI.
434 2051 503 2145 ‘per
535 2082 594 2144 ego
627 2071 659 2124 te
687 2061 876 2146 frugiferam
907 2071 996 2127 tuam
1030 2061 1199 2124 dexteram
1229 2061 1341 2128 istam.

255 2167 429 2252 deprecor,
457 2189 515 2251 per
539 2217 546 2230 .
572 2219 578 2233 .
602 2217 610 2231 .
634 2190 763 2233 currum
792 2190 942 2252 rapacem
971 2177 1003 2233 et
1032 2176 1154 2232 terram
1176 2178 1330 2232 tenacem

258 2284 291 2339 et
328 2273 561 2337 inluminarum
592 2275 805 2359 Proserpinae
839 2276 1027 2360 nuptiarum
1066 2273 1255 2338 demeacula
1297 2287 1330 2341 et

255 2380 488 2445 luminosarum
502 2378 588 2444 filiae
604 2381 830 2446 inventionum
847 2381 1030 2446 remeacula
1050 2433 1057 2446 .
1075 2429 1082 2442 .
1103 2375 1118 2445 .'
1137 2419 1177 2426 —
1197 2381 1331 2447 Scimus

257 2499 368 2552 autem
391 2487 518 2552 fabulas
542 2511 670 2574 quoqne
695 2487 897 2554 Graecorum
920 2489 1140 2554 Romanenses
1163 2498 1196 2552 et
1219 2487 1330 2554 rheto-

255 2618 327 2659 rum
366 2595 510 2658 artificiis
543 2596 803 2682 exquisitissimis
837 2595 1004 2660 ahnndare
1034 2617 1141 2680 neque
1172 2595 1271 2660 rebus
1309 2622 1330 2661 a

256 2703 360 2788 poetis
383 2701 616 2767 Alexandrinis
648 2703 820 2789 assumptis
849 2726 970 2767 carere.
1017 2702 1135 2788 Itaque
1154 2713 1327 2788 quatenus

256 2809 414 2894 Apuleius
439 2832 521 2891 cum!
538 2809 742 2874 Graecorum
765 2809 975 2894 scriptoribus
998 2810 1128 2873 eroticis
1151 2810 1323 2893 conspiret,

257 2920 442 3002 compositis
476 2928 687 3002 utrorumque
712 2916 869 2981 similibus
893 2916 972 2981 locis
995 2917 1221 3002 exploraturus
1245 2940 1325 2981 sum.

290 3128 377 3199 Apul.
391 3131 509 3187 metam.
521 3128 569 3198 IV,
583 3131 625 3185 28.
648 3129 764 3184 Puellae

254 3234 323 3272 vero
341 3222 404 3273 tam
416 3219 583 3290 praecipua,
600 3221 663 3272 tam
681 3233 762 3288 prae·

256 3306 334 3361 clara
352 3305 549 3376 pulchritudo.

291 3482 376 3536 Multi
417 3482 543 3552 denique
585 3481 691 3536 civium
733 3484 763 3535 et

256 3572 386 3628 advenae
417 3569 528 3640 copiosi
559 3583 633 3639 quos
665 3569 764 3624 eximii

257 3659 416 3732 spectaculi
434 3674 534 3712 rumor
546 3658 679 3712 studiosa
691 3659 761 3713 cele-

257 3750 364 3805 britate
384 3747 579 3817 congregabat
597 3746 762 3803 inaccessae

256 3836 467 3895 sermoneitatis
492 3834 683 3890 admiratione
702 3838 761 3890 stu-

257 3927 319 4001 pidi
338 3930 369 3983 et
380 3926 570 3982 admoventes
583 3923 682 3978 oribus
701 3925 762 3979 suis

258 4019 409 4074 dexteram
429 4055 453 4072 ..
468 4058 491 4071 ..
513 4016 546 4069 ut
564 4013 659 4084 ipsam
678 4011 763 4067 deam

261 4102 764 4174 Veneremvenerabanturreligiosis

258 4193 486 4250 adorationibus.
541 4249 543 4253 ,

852 3129 1017 3200 Xenophon
1048 3129 1124 3199 Eph.
1155 3137 1191 3184 A.
1221 3128 1263 3198 ΙΙ,
1300 3134 1327 3186 5.

819 3211 852 3286 ἦν
862 3220 893 3271 δὲ
905 3213 936 3271 τὸ
949 3212 1046 3277 καλλος
1065 3213 1246 3283 sigillalatim
1265 3215 1329 3274 οἷον

816 3299 963 3377 θαυμάσαι
994 3310 1040 3358 καὶ
1072 3303 1142 3360 πολὺ
1168 3303 1217 3368 τὰς
1243 3300 1328 3369 littra

819 3389 1014 3466 ὑπερεβάλλετο
1035 3401 1200 3465 παρθένους.

832 3550 834 3554 λ
852 3483 990 3539 Chariton
1003 3491 1037 3538 A.
1050 3483 1074 3547 Ι,
1088 3486 1111 3538 l.
1136 3480 1216 3556 ρὴμη
1232 3486 1264 3540 dl
1278 3489 1329 3541 τοῦ

817 3568 976 3644 παραδόξου
1006 3569 1149 3644 θεάματος
1180 3578 1328 3646 πανταχοῖ

818 3664 938 3736 διέτρεχε
953 3667 997 3715 καὶ
1012 3664 1167 3733 μνηστῆρες
1180 3671 1328 3735 κατέρρεον

817 3757 856 3811 εἰς
882 3743 1061 3822 Συρακοῦσας
1125 3752 1173 3819 (cf.
1201 3747 1327 3819 ιΙ)ΙθῑΖθ,

817 3841 833 3894 l.
853 3836 879 3896 l.’
902 3839 962 3905 139,
984 3840 1038 3907 10.)

852 3925 1017 3996 Xenophon
1045 3925 1152 3997 Ephes.
1183 3937 1214 3984 B.
1233 3928 1271 3998 II,
1301 3935 1327 3988 4.

819 4010 921 4074 πάντες
941 4011 1167 4086 ἐτείααχαακεσαν
1186 4013 1216 4069 τὸ
1229 4015 1328 4080 κάλλος

818 4109 863 4157 καὶ
887 4144 892 4155 .
914 4143 920 4155 .
941 4144 947 4157 .
968 4146 973 4156 .

819 4194 853 4249 cf.
873 4199 908 4249 A.
927 4191 949 4260 I,
971 4196 994 4249 1.

1014 4099 1095 4162 {isirin
1115 4099 1242 4178 ἐνόμιζον
1255 4108 1328 4162 εἶναι
