2896 5054
616 326 837 390 -55-

184 500 255 558 cido
279 501 391 572 pallore
419 500 535 556 defeci&
558 504 699 556 tremens·
753 492 903 561 εσκὸπουν,
944 503 1035 552 εἰπεῖν
1075 519 1098 551 τι
1139 493 1258 567 ἀπορῶν,

186 607 247 663 que
260 634 268 648 .
281 629 312 648 ..
331 590 411 660 quod
423 589 557 660 profecto
572 589 699 655 fecisset,
753 590 855 657 πρᾶξαι
868 581 1040 659 epulanda.
1059 590 1185 641 ἐκπίπτει-
1203 607 1260 658 μου

186 677 699 737 nisiferrum....manibus....

187 766 337 825 evohsset
348 805 440 824 .....
464 767 583 837 saepius
610 765 700 820 divini

186 855 289 914 vultus
297 854 699 927 intueturpulchritudinem.

226 943 260 1012 V,
279 945 322 999 25.
360 942 556 1015 Perproximi
571 941 700 998 fluminis

187 1033 352 1105 marginem
362 1031 699 1104 praecipitemsededit.

188 1122 250 1179 Sed
262 1122 343 1181 mitis
361 1122 473 1178 fluvius
487 1165 494 1178 .
507 1160 514 1174 .
529 1162 556 1175 ..
575 1137 641 1176 eam
658 1120 700 1178 iu·

187 1212 281 1270 noxio
306 1210 455 1267 volumine
485 1226 575 1281 super
604 1210 700 1280 ripam

188 1300 346 1356 florentem
364 1298 464 1354 herbis
483 1297 629 1370 exposuit

227 1388 262 1455 V,
286 1390 329 1446 25.
376 1387 551 1459 Cupidinem
579 1386 700 1440 deorum

188 1478 352 1536 maximum
364 1476 481 1548 percole
491 1518 498 1531 .
509 1517 516 1531 .
527 1473 700 1545 blandisque

191 1565 342 1638 obsequiis
360 1581 535 1637 promerere

230 1654 261 1722 V,
280 1657 324 1712 26.
361 1654 406 1708 'Pu
426 1655 616 1725 quidem....
636 1670 701 1708 con·

185 1745 290 1801 ,feetim
302 1747 368 1799 toro
380 1760 447 1798 meo
461 1743 575 1797 divorte
588 1741 701 1812 tibique

193 1849 240 1890 res
259 1837 325 1891 tuas
344 1832 462 1888 habeto.

231 1919 264 1984 V,
294 1923 336 1977 28.
392 1919 504 1991 Psyche
535 1918 702 1991 quaestioni

193 2009 346 2080 Cupidinis
365 2009 479 2064 intenta
498 2008 624 2079 populos
649 2007 701 2062 cir·

191 2097 331 2156 cumibat.

228 2186 278 2242 VI.
297 2189 323 2242 2.
369 2187 451 2244 Tunc
470 2186 582 2258 Psyche
610 2186 701 2258 pedes

194 2275 259 2329 eius
278 2274 417 2330 advoluta
519 2320 522 2329 .
587 2276 703 2330 veniam

195 2359 367 2433 postulabat
383 2401 492 2423 ......
519 2364 703 2421 miserandae

193 2448 320 2520 Psyches
339 2453 454 2509 animae
468 2495 473 2506 .
488 2498 495 2511 .
515 2454 701 2513 subsiste...

192 2538 285 2601 V1,·3.
328 2540 411 2597 Tunc
429 2559 507 2612 genu
524 2544 593 2598 nixa
611 2583 701 2598 .....

193 2628 235 2683 εἰσ
269 2629 447 2700 adprecatur
481 2625 589 2702 ‘Magni
620 2632 702 2689 Joyis

194 2734 334 2785 germana
347 2721 377 2772 et
387 2720 511 2789 coniuge
530 2761 641 2777 ......
662 2720 701 2775 sis

192 2804 267 2858 meis
299 2807 438 2859 extremis
471 2809 586 2862 casibus
623 2809 701 2864 Juno

195 2892 316 2963 Sospita
335 2932 397 2950 ...
418 2892 499 2963 quod
518 2879 608 2948 sciam
626 2895 701 2952 soles

190 2981 403 3052 praegnatibus
416 2980 648 3052 periclitantibus
661 2985 703 3041 ul·

189 3073 237 3126 tro
256 3064 428 3126 subvenire.t

224 3158 273 3229 Vl,
301 3161 326 3216 9.
378 3158 477 3224 Venus
506 3160 699 3223 laetissimum

190 3248 363 3305 cachinnum
374 3248 502 3307 extollit.
514 3291 538 3308 ..
553 3256 700 3324 caputque

192 3335 398 3405 quatiens...
416 3337 520 3409 inquit.
563 3350 565 3352 ’

227 3421 275 3487 VI,
290 3426 331 3480 10.
367 3424 482 3496 involat
495 3445 562 3484 eam
573 3437 698 3487 uestem-

189 3512 698 3591 queplurifariamdilorieateapillo·

188 3617 246 3671 que
277 3590 400 3658 discisso
432 3607 463 3659 et
499 3605 596 3677 capite
631 3622 698 3662 oon-

188 3693 328 3759 quassato
347 3692 476 3762 graviter
493 3693 607 3765 affligit.

224 3777 278 3848 VI,
314 3782 341 3836 9.
404 3780 444 3838 Et
480 3783 631 3842 audaciter
667 3785 697 3841 in

187 3867 307 3937 capillos
345 3870 408 3925 eius
444 3871 577 3929 immissa
607 3891 696 3930 manu

75 4036 79 4041 .
186 3957 322 4017 trahebat
335 3975 400 4015 eam
420 4001 426 4014 .
447 4001 452 4013 .
475 4003 480 4014 .

753 682 797 728 καὶ
819 672 849 729 τὸ
869 680 949 746 ξίφος
969 676 1021 729 τῶν
1037 676 1146 745 χειρῶν.

788 942 953 1014 Xenophon
973 949 1006 994 Δ.
1020 941 1055 1008 ll,
1064 943 1089 998 6.
1127 944 1260 1013 lunium

754 1033 786 1086 δὲ
806 1027 999 1103 ὁἉβροιιόμης
1023 1031 1060 1098 τῷ
1080 1022 1196 1102 ῥεύματι
1213 1035 1258 1082 καὶ

755 1123 869 1191 ἐφέρετο
898 1113 959 1173 οἷῖτε
988 1119 1036 1171 τοῖΙ
1057 1111 1157 1178 {darec
1175 1114 1261 1172 αὐτὸν

754 1205 916 1268 ἀδικοῖιντος
935 1202 1005 1259 ἀλλά
1024 1213 1262 1280 παραπεζιιποντος

755 1298 802 1351 τοῦ
822 1291 965 1368 ῥεύματος.

791 1386 893 1441 Achill.
907 1385 971 1443 Tui.
985 1390 1016 1437 E.
1031 1385 1073 1451 12,
1087 1385 1112 1437 2.
1146 1376 1261 1455 χάρισαι

755 1477 792 1545 τῷ
811 1477 876 1544 θεῷ.

790 1562 965 1618 Heliodorus
978 1561 1026 1627 VI,
1040 1565 1064 1616 7.
1084 1557 1151 1614 ἀλλὰ
1165 1558 1199 1615 σὺ
1208 1565 1262 1633 μὲν

750 1648 867 1720 Ἀθήνας
896 1670 923 1704 τε
953 1647 1001 1710 τὰς
1029 1648 1080 1710 σὰς
1106 1654 1152 1702 καὶ
1181 1656 1262 1718 γένος

755 1746 801 1794 καὶ
821 1741 897 1794 οἶκον
916 1736 964 1792 τὸν
983 1736 1034 1793 σὸν
1051 1744 1191 1811 κομίσαιο.

791 1917 925 1991 Xenoph.
936 1924 971 1972 Β.
982 1919 1024 1985 12,
1032 1919 1057 1972 2.
1074 1911 1259 1992 “Ἀβροκὸμης»

757 2013 795 2067 είς
840 1999 998 2074 ἐπιζήτησιν
1044 2006 1092 2071 τῆς
1137 2000 1263 2065 Ἀνθείας

757 2097 873 2167 ἔρχεται.

792 2184 921 2239 Achilles
939 2183 1002 2242 Tot.
1021 2189 1053 2242 E.
1074 2187 1116 2251 17,
1134 2185 1159 2242 3.
1195 2177 1263 2235 ‘ila‘-

759 2270 825 2340 ησόν
843 2269 896 2345 με’,
916 2276 978 2343 ἔφη,
996 2268 1144 2328 ’δέσποινα
1155 2311 1162 2324 .
1174 2313 1180 2326 .
1190 2267 1206 2329 .’

792 2450 958 2523 Xenophon
971 2457 1002 2505 E.
1016 2454 1041 2520 4,
1063 2452 1105 2511 10.
1143 2451 1263 2506 ἐλθοῦσα

757 2536 792 2608 dl
811 2545 857 2592 καὶ
878 2536 1018 2608 ᾗἌνθεια
1037 2545 1207 2611 προσπίπτει
1227 2540 1263 2608 τῷ

751 2624 850 2682 Ἄπιδι.
886 2622 930 2684 ῨὮ
951 2624 1044 2694 θεῶν’,
1069 2630 1135 2699 ἔφη,
1153 2623 1262 2698 <«μίαν-

756 2714 930 2790 θρωπὸτατε,
958 2712 972 2772 ὁ
997 2714 1104 2777 πάντας
1123 2723 1262 2789 οἰκτείρων

757 2811 856 2871 ξένους,
872 2811 991 2882 ,ἐλέησον
1009 2803 1080 2879 κάμὲ
1109 2803 1159 2874 τὴν
1181 2827 1261 2860 κακο-

757 2893 897 2970 (loquore)

792 3164 917 3221 Achilles
942 3165 1006 3220 Tat.
1026 3171 1060 3216 A.
1080 3163 1149 3231 VII,
1174 3165 1200 3218 2.
1247 3157 1262 3216 ὸ

755 3253 791 3308 δέ
805 3275 855 3325 μοι
874 3253 990 3326 μειδιῶν
1007 3259 1052 3308 καὶ
1072 3250 1122 3323 τὴν
1139 3249 1262 3325 κεφαλὴν

755 3344 883 3397 ἐπισείων
901 3345 1001 3412 ἔλεγεν.

788 3429 952 3501 Xenophon
972 3438 1004 3486 E.
1025 3432 1061 3500 V,
1080 3435 1104 3487 2.
1150 3427 1260 3500 Ῥήνεια

751 3525 966 3592 μεταπέμπεται
986 3517 1037 3589 τὴν
1051 3514 1196 3576 Ἄνθειαν.
1212 3565 1217 3575 .
1231 3566 1238 3579 .
1253 3563 1259 3576 .

751 3612 798 3660 καὶ
817 3605 1012 3680 περιρρήγνυσι
1031 3607 1081 3679 τὴν
1095 3612 1200 3680 ἐσθῆτα
1212 3616 1258 3665 καὶ

752 3701 882 3758 αἰκίζεται
901 3695 932 3751 τὸ
952 3701 1039 3772 σῶμα,

786 3786 887 3843 Adhill.
903 3786 967 3844 Tei.
981 3795 1012 3844 E.
1027 3792 1070 3860 23,
1084 3792 1110 3852 ὃ.
1145 3785 1259 3851 ἑλκύσας

750 3874 782 3927 di
803 3877 856 3930 τῶν
876 3880 975 3948 τριχῶν
995 3875 1091 3951 ῥάσσει
1110 3876 1178 3952 πρὸς
1197 3873 1257 3934 νοῶ-

750 3963 843 4036 δαφος
878 3971 924 4019 καὶ
956 3974 1138 4040 προςπίπτων
1175 3989 1258 4022 κανα-

748 4049 843 4108 κὸπτει
861 4075 897 4127 με
917 4061 1044 4126 πληγαῖς.
