2896 5054
565 437 785 499 ..3ss-

621 589 626 600 ¹
702 610 952 667 wunderechdnen
984 609 1120 677 Kranae,
1160 611 1215 664 der

704 699 787 756 hatte
797 698 844 754 ein
853 699 960 754 Antlltz
972 698 1146 754 silberweiee
1156 699 1216 754 wie

703 787 755 844 der
763 786 854 842 Mond
865 788 928 843 und
936 786 1053 842 Loclren
1065 803 1123 840 ron
1136 785 1218 842 Gold

702 875 757 930 wie
777 875 824 931 die
843 875 940 930 Souna
958 874 1020 930 und
1033 874 1138 944 Augen
1157 876 1216 931 wie

703 964 755 1018 der
774 964 906 1034 Murgan·
929 964 991 1018 und
1014 964 1215 1019 Abendatern.

233 1107 400 1191 Expedita
433 1106 626 1175 fabellarum
656 1109 896 1192 comparatione
920 1109 1086 1192 inquirere
1108 1109 1215 1191 iuvat,

148 1215 226 1299 quid
249 1213 325 1278 inde
349 1213 476 1279 discere
499 1217 667 1298 poscimus.

232 1319 283 1383 Ao
306 1321 451 1404 primum
476 1321 606 1405 quidem
629 1343 724 1385 nemo
748 1343 813 1384 non
837 1319 928 1384 videt
952 1319 1113 1384 nonnullis
1136 1319 1215 1386 locis

143 1425 288 1490 fabulam
312 1425 529 1510 Apuleianam
554 1450 627 1490 curn
652 1427 845 1513 quibusdam
861 1425 988 1493 fabellis
1004 1425 1211 1515 popularibus

143 1532 211 1597 fere
242 1531 439 1597 verbotenus
485 1535 677 1619 conspirare.
730 1533 840 1620 Atque
873 1531 1099 1599 'similitudines
1132 1533 1214 1599 inter

144 1638 233 1705 illam
266 1648 298 1703 et
330 1638 388 1705 hae
421 1648 468 1703 tot
500 1651 631 1725 tamque
659 1642 850 1724 perspicuae
879 1650 965 1719 eunt,
1004 1648 1036 1704 ct
1066 1637 1146 1705 inde
1174 1639 1217 1703 ab

145 1746 239 1810 initio
264 1767 364 1830 aeque
388 1745 551 1808 adfinem
573 1747 767 1811 narrationis
791 1756 860 1808 tam
883 1743 1072 1823 continu0⁴l
1103 1744 1220 1809 ordine

148 1875 182 1916 ee
206 1852 383 1935 excipiunt,
415 1863 452 1916 ut
475 1852 568 1934 locis,
600 1875 678 1937 quoe
701 1852 874 1936 exscripsi,
903 1853 1033 1914 assertis
1057 1860 1125 1914 tota
1148 1851 1221 1916 fere

145 1957 264 2022 fabella
293 1957 459 2044 popularis
491 1960 636 2023 exsistat.
683 1958 799 2043 Itaque
828 1966 942 2022 contra
969 1956 1222 2028 Friedlaenderi

147 2066 340 2130 sententiam
350 2063 377 2150 ⁵)
407 2067 587 2131 monuerim
626 2087 756 2149 prorsus
795 2063 969 2131 verisimile
1009 2085 1080 2129 esse
1117 2087 1221 2130 unam

148 2170 298 2237 fabellam
321 2173 356 2235 in
380 2173 566 2237 narratione
588 2171 770 2255 Apuleiana
793 2172 915 2253 inesse,
950 2171 1041 2233 cuiue
1066 2170 1106 2234 ad
1132 2173 1220 2235 eimi-

147 2277 318 2342 litudinem
335 2301 433 2363 quam
448 2280 596 2362 proxime
613 2278 773 2341 accedunt
788 2276 927 2341 fabellae
942 2276 1182 2362 Norvegiorum
1192 2280 1218 2359 ⁶)

148 2383 329 2462 („Oeetlich
349 2407 415 2448 von
439 2383 498 2447 der
513 2383 621 2449 Sonne
644 2383 712 2447 und
728 2382 872 2448 weetlich
879 2363 947 2447 ion
963 2382 1038 2447 dem
1049 2384 1219 2468 Monde“),

149 2490 361 2572 Suecorum⁶)
386 2490 491 2572 („Der
523 2490 732 2576 Konigesohn
762 2489 829 2553 und
859 2490 912 2554 die
936 2490 1120 2554 Prinzessin
1145 2489 1218 2556 Sin-

148 2596 287 2682 gorra“)‚
326 2598 531 2678 Danorum⁶)
570 2597 676 2681 („Der
703 2597 812 2661 kleine
835 2598 947 2660 weieae
978 2597 1123 2680 Hund‘).
1168 2598 1216 2663 At

149 2705 298 2790 quamvis
325 2704 444 2771 multae
475 2727 529 2771 ree
559 2725 618 2788 per
633 2745 635 2749 -
652 2714 753 2769 totam
786 2702 956 2786 Cupidinis
998 2713 1030 2767 et
1067 2702 1213 2786 Psychae

149 2809 292 2874 fabulam
325 2812 564 2894 comparatione
596 2811 658 2872 ista
689 2810 776 2873 facta
811 2818 900 2872 certo
932 2809 1052 2873 iudicio
1074 2806 1210 2872 fabellae

149 2917 314 3001 popularis
337 2917 482 3002 proprias
506 2918 659 2979 evincere
687 2917 861 2999 possimus,
890 2924 1000 2979 tamen
1023 2936 1087 2978 non
1109 2913 1214 2978 audeo

149 3033 250 3087 totam
278 3021 431 3086 fabellam
459 3021 646 3106 popularem
673 3020 792 3103 Apulei
821 3023 1006 3085 narratione
1031 3019 1144 3106 ¹aliqua
1172 3044 1216 3084 ex

150 3140 242 3213 parte
266 3138 473 3210 commutata,
507 3127 665 3215 suppleta,
690 3128 860 3193 imminuta
882 3129 924 3191 in'
940 3130 1104 3212 integrum
1126 3128 1217 3191 reti-

149 3235 286 3322 tuere⁷).
327 3236 448 3300 Destiti
470 3234 532 3299 hoc
556 3244 674 3298 conatu
697 3243 870 3319 propterea
893 3234 1105 3318 potissimum,
1131 3233 1220 3319 quad

150 3341 288 3406 fabellae
309 3341 482 3427 populares
496 3351 636 3403 matrum
651 3350 777 3402 tantum
793 3350 825 3402 et
841 3339 1041 3403 anicularum
1064 3342 1218 3409 sermoni·
1266 3420 1268 3423 ι

150 3471 363 3477 ...-—.—
1255 3456 1269 3487 1

239 3519 266 3582 4)
286 3516 393 3573 Tribus
405 3519 521 3573 tantum
533 3515 605 3570 locis
618 3514 769 3584 Cupidine,
789 3512 909 3583 Venere,
930 3515 1033 3569 ceteris
1046 3515 1218 3570 numinibus

152 3603 258 3661 divinis
276 3605 385 3661 additia
408 3604 531 3660 fabellae
555 3603 704 3674 popularis
727 3603 855 3657 narratio
874 3605 994 3659 turbata
1014 3606 1072 3668 eet3
1097 3603 1133 3657 de
1159 3619 1218 3674 quo

150 3695 233 3762 infra,
252 3711 279 3766 p.
299 3697 342 3752 37.

239 3784 269 3851 ὃ)
288 3783 324 3841 cf.
341 3777 369 3839 Ἱ.
388 3777 414 3839 L'
436 3799 464 3852 p.
483 3781 537 3837 544
556 3797 599 3851 eq.

241 3873 267 3938 6)
288 3872 321 3931 tf.
349 3865 443 3942 ‘Asbi
472 3874 503 3925 et
530 3870 596 3926 Moe
622 3871 639 3923 l.
668 3865 693 3924 l.‘
720 3886 749 3940 p.
769 3872 820 3924 102
842 3886 885 3938 sq.
930 3863 1123 3923 ‘Oberleitner
1148 3868 1166 3925 l.
1191 3864 1217 3921 l.’

152 3977 183 4030 p.
201 3962 253 4017 274
273 3976 339 4031 eqq.
374 3954 591 4016 ‘Kuhn-Friedl
609 3959 626 4012 l.
646 3955 674 4018 l.'
695 3975 724 4029 p.
744 3960 804 4016 553
824 3960 886 4014 552.

242 4051 274 4114 Ἰ)
289 4047 495 4105 Friedlaender
521 4047 576 4102 hoc
605 4050 729 4103 conatus
756 4054 816 4112 eet,
847 4048 881 4101 cf.
899 4041 1107 4115 ‘Morgenblatt
1139 4043 1157 4097 l.
1177 4041 1217 4109 l.’;

150 4130 356 4207 ‘sittengeeon
374 4132 424 4204 1⁰²,
441 4135 498 4190 538
513 4151 579 4206 eqq.
