2896 5054
658 400 947 508 ..ὦς’

238 623 386 710 Psychae
403 622 524 709 prolem
547 619 769 698 masculum³⁶l
792 618 935 705 praedici
958 619 1112 693 finxisset,
1136 621 1303 684 tamenin

237 730 313 795 libri
334 729 394 801 Vl.
418 730 524 814 capite
548 731 602 797 24.
641 727 849 812 Voluptatem
871 725 1014 810 puellam
1036 713 1125 790 riasci
1148 727 1304 791 narravit.

239 836 326 902 Illud
340 846 430 902 recte
453 835 635 920 allegoriae,
660 856 757 920 quam
780 833 929 898 novimus
952 834 992 898 de
1007 833 1139 918 Psyche
1161 833 1304 918 61011ρί-

240 945 327 1021 dine,
361 943 421 1007 hoc
453 940 590 1006 fabellae
619 939 768 1026 populari
795 941 912 1004 merito
938 939 1061 1005 tribuit.
1104 939 1211 1021 Quam
1234 964 1305 1005 rem

192 1089 194 1095 ·
240 1052 268 1115 si
292 1060 444 1115 accurate
468 1046 721 1134 explorabimus,
755 1046 869 1132 procul
904 1045 1001 1111 dubio
1025 1047 1234 1111 statuendum
1257 1059 1306 1112 est

242 1156 355 1222 axilla
378 1155 532 1241 allegoria
540 1154 697 1219 Amorem
721 1176 807 1218 novo
831 1152 936 1219 colore
952 1176 1021 1219 esse
1031 1164 1191 1236 ornatum,
1210 1177 1307 1240 quem

240 1263 336 1349 paulo
360 1263 464 1347 magis
483 1263 702 1347 perspicueeo
719 1260 789 1325 loco
806 1261 1037 1346 cognoscimus,
1062 1283 1124 1346 quo
1135 1261 1175 1346 31)
1195 1262 1307 1326 Venus

245 1369 441 1455 Cupidinem
471 1367 572 1432 filium
603 1366 778 1432 Sobrietati
810 1367 1033 1451 castigandum
1050 1367 1223 1454 ,traditura
1251 1380 1308 1434 661.

242 1474 441 1560 Allegoriam
464 1477 560 1556 enim,
585 1496 683 1560 quam
707 1474 747 1538 de
768 1473 896 1558 Psycha
923 1484 956 1539 61
980 1473 1142 1559 Cupidine
1165 1476 1308 1560 antiquis

244 1580 444 1667 temporibus
473 1582 615 1665 viguisse
637 1581 795 1662 novimus,
828 1579 987 1666 principio
1011 1603 1085 1645 cum
1109 1579 1309 1646 Graecorum

245 1687 363 1752 fabulis
383 1686 534 1772 mythicis
550 1709 615 1750 non
632 1688 844 1766 coniunctam,
866 1686 923 1750 sed
935 1710 978 1751 ex
993 1686 1154 1751 nonnullis
1169 1688 1310 1752 Phaedri

249 1794 474 1880 Symposiique
497 1793 737 1858 Platonicorum
775 1793 854 1857 locis
886 1804 997 1859 natam
1029 1815 1098 1857 6666
1129 1791 1311 1859 luculenter

249 1901 482 1972 demonstravit
505 1898 582 1965 Otto
605 1899 752 1984 1611138).

334 2005 366 2070 A
382 2006 553 2091 Cupidine,
575 2005 716 2091 Psyche,
739 2007 867 2072 Veners
887 2008 1018 2072 initium
1033 2007 1097 2072 feci
1113 2009 1311 2094 disputandi,

241 2114 335 2200 quod
364 2114 483 2197 optime
506 2122 538 2176 et
561 2112 736 2177 clarissime
760 2113 823 2177 duo
846 2115 981 2178 numina
1003 2116 1037 2178 in
1059 2114 1122 2179 illis
1145 2138 1215 2181 esse
1239 2139 1311 2181 con-

247 2222 358 2284 iuncta
380 2220 603 2306 perspicimus.
650 2219 723 2301 Qua
750 2241 786 2283 re
810 2219 853 2283 ad
875 2221 910 2284 id
932 2220 1154 2306 perducimur,
1183 2233 1219 2286 ut
1241 2222 1309 2286 dili-

247 2327 376 2412 gentius
399 2335 499 2390 totam
521 2323 665 2389 fabulam
679 2325 904 2410 Apuleianam,
930 2328 1090 2412 quomodo
1107 2329 1236 2392 condita
1260 2331 1309 2409 sit,

250 2443 442 2518 spectemus.
470 2432 620 2514 Accedit,
645 2454 731 2518 quq..
754 2455 886 2517 prorsus
910 2434 1106 2519 singularem
1128 2437 1161 2499 in
1182 2423 1312 2499 modum

251 2577 288 2588 —
308 2562 361 2604 res
380 2548 427 2602 est
442 2539 649 2618 notissima⁸⁹l
666 2576 710 2585 -
726 2538 767 2603 ab
783 2538 923 2625 Apuleio
940 2540 1109 2626 Cupidinis
1121 2551 1153 2604 et
1165 2541 1311 2626 Psychae

250 2668 386 2727 amores,
402 2645 539 2709 Veneris
549 2646 674 2710 invidia
690 2655 787 2732 atque
802 2647 851 2711 ira
867 2660 1054 2731 narrantur,
1078 2669 1096 2711 e
1112 2645 1312 2711 Graecorum

250 2752 304 2817 vel
329 2753 544 2816 Romanorum
566 2754 679 2837 pehtis,
711 2752 933 2839 scriptoribus,
960 2752 1148 2840 pictoribus,
1173 2752 1312 2838 sculpto-

251 2858 339 2923 ribus
363 2858 527 2942 nullum⁴⁰)
551 2860 618 2923 fere
641 2860 788 2925 invenire
811 2870 914 2946 potes,
939 2861 995 2947 qui
1013 2858 1141 2925 fabulae
1160 2859 1313 2944 Apuleia·

251 2988 314 3029 nae
349 2967 471 3050 peritus
499 2967 556 3047 sit,
589 2967 737 3052 quamvis
765 2967 926 3052 capitibus
955 2978 987 3032 et
1019 2968 1250 3033 amoenissimis
1284 2978 1316 3030 et

253 3095 336 3158 quae
361 3072 493 3136 artificis
520 3073 652 3158 ingenio
681 3074 917 3159 exprimantur,
946 3077 1059 3161 utique
1087 3074 1192 3159 dignis
1221 3073 1315 3137 valde

341 3339 388 3406 36)
408 3339 443 3393 61.
463 3339 562 3406 ‚istum
582 3339 736 3409 parvulum
755 3344 897 3395 1166116111ι
917 3339 957 3408 ,in
979 3339 1036 3394 hoc
1055 3338 1160 3394 saltem
1178 3338 1318 3409 11111616.ι

341 3427 387 3497 37)
407 3426 440 3496 V,
460 3427 503 3481 30.
1218 3457 1221 3462 ·
1364 3479 1369 3485 .

340 3518 386 3584 38)
406 3517 441 3571 61.
458 3510 565 3572 ‘Ueber
575 3517 671 3588 ,einige
684 3518 737 3573 auf
746 3518 819 3574 Eros
832 3518 892 3572 und
904 3517 1017 3588 Psyche
1028 3516 1199 3587 beaiigliche
1212 3515 1320 3572 Kunst·

253 3601 366 3660 werke?
403 3601 559 3674 (Berichte
585 3607 637 3662 der
662 3607 756 3662 616116.
781 3607 937 3664 Gesellsch.
962 3607 1015 3663 der
1035 3601 1219 3675 Wissenschss
1240 3608 1320 3666 1851.

253 3711 282 3765 p.
303 3697 354 3750 152
367 3700 454 3766 sqq.).

343 3785 389 3855 89)
409 3784 443 3838 61.
461 3778 676 3841 ‘Friedlaender
693 3785 710 3840 l.
723 3781 750 3841 l.'
770 3802 798 3856 p.
818 3787 880 3841 546.

343 3873 388 3943 40)
408 3872 466 3928 Sed
484 3873 519 3929 61.
537 3868 746 3946 ‘Heydemann
766 3875 917 3934 Archaeol.
936 3870 1065 3945 Zeitung'
1086 3875 1164 3931 1869.
1192 3891 1221 3945 p.
1234 3877 1267 3930 21
1279 3891 1323 3945 sq.

255 3960 432 4032 Collignonis
457 3962 562 4018 librum
592 3979 613 4018 6.
640 3963 658 4017 l.
683 3963 739 4019 hoc
766 3963 829 4019 loco
858 3965 961 4019 afferre
991 3978 1050 4018 non
1077 3964 1172 4019 audeo
1203 3966 1325 4034 propter

255 4048 482 4121 Furtwaengleri
506 4051 647 4107 iudicium
673 4052 710 4107 de
736 4052 785 4108 illo
813 4052 886 4109 libro
913 4053 943 4107 in
963 4051 1101 4108 Roscheri
1124 4052 1178 4108 lex.
1202 4052 1324 4123 mythol.

256 4137 289 4203 (1,
310 4142 332 4192 1.
352 4156 380 4210 p.
402 4140 620 4210 retamenta).
