2896 5054
715 506 935 570 ..62-

291 699 326 751 ut
350 687 384 749 in
407 686 523 749 ceteris
546 681 847 768 metamorphoseon
870 680 971 762 libris,
995 683 1041 745 ita
1063 683 1097 744 in
1120 680 1232 745 fabula
1247 691 1365 746 nostra

292 792 437 856 artificiis
471 792 537 854 suis
568 787 780 869 rhetoricis²³l
819 787 980 852 nonnullis
1006 787 1085 852 locis
1118 786 1159 850 ad
1198 810 1366 853 summum

290 898 493 977 tumorem²⁴)
516 896 678 982 perduxit.
704 897 774 961 Nec
796 918 875 961 vcro
898 905 947 959 est
971 893 1106 959 dubium
1129 895 1209 980 quin
1231 894 1267 958 X
1290 895 1365 981 ipse

290 1006 389 1070 luserit
415 1005 538 1069 rhetor:
570 1004 605 1068 id
628 1005 715 1089 quod
738 1003 984 1068 demonstratur
1006 1003 1161 1066 sermonis
1183 1001 1366 1066 luminibus

261 1122 266 1187 f
292 1113 470 1177 narrationi
498 1110 669 1180 adiunctis.
716 1109 904 1175 Occurrunt
929 1109 1014 1172 enim
1039 1110 1074 1172 in
1092 1107 1204 1173 fabula
1226 1108 1366 1194 Apulei-

254 1204 263 1317 ᾖ
293 1243 354 1283 anat
371 1220 448 1283 satis
463 1218 583 1282 multae
595 1215 811 1306 ἕκφράσειςπ)
830 1227 862 1282 et
878 1216 1095 1302 quadraginta
1110 1216 1273 1280 orationes
1289 1215 1365 1302 plus

250 1320 257 1409 ,ἶ
292 1329 440 1391 minusve
470 1325 636 1390 rhetorum
659 1324 802 1388 artificiis
825 1322 1056 1402 instruendi).
1109 1322 1258 1404 Quarum
1281 1333 1364 1409 quot

248 1416 253 1462 ⁵
292 1434 451 1520 Apuleius
473 1432 603 1496 fabulae
626 1433 806 1512 immiserit,
830 1441 908 1516 quot
923 1432 957 1494 in
980 1429 1101 1494 fabella
1123 1429 1273 1515 populari
1297 1432 1364 1494 iam

294 1542 477 1606 exstiterint
505 1540 681 1603 nescimus:
714 1537 885 1603 nonnths
916 1536 958 1601 ab
983 1537 1015 1600 X
1039 1536 1171 1602 fabulae
1195 1559 1268 1602 esse
1295 1536 1364 1602 adi·

293 1650 421 1712 iunctas
445 1655 567 1710 certum
591 1645 821 1709 videturesse.

385 1754 426 1818 In
463 1753 650 1817 universum
683 1761 790 1815 autem
815 1751 848 1814 X
882 1752 1081 1835 coniungens
1104 1750 1260 1815 Amorem
1289 1773 1366 1816 cum

294 1861 437 1946 serpenti
451 1859 608 1939 fabulosa,
633 1857 710 1922 deos
725 1881 799 1922 cum
815 1858 932 1922 fabella
948 1857 1107 1943 populari,
1127 1856 1161 1920 id
1177 1857 1256 1923 fecit
1273 1858 1361 1944 quod

382 2093 427 2154 23)
447 2089 490 2144 De
509 2105 610 2160 quare
629 2089 665 2143 cf.
682 2084 818 2150 ‘Norden
832 2087 939 2143 Antike
951 2082 1145 2158 Kunstprosa’
1172 2085 1210 2155 II,
1230 2088 1286 2143 600
1298 2104 1364 2160 sqq.

384 2181 429 2246 24)
448 2177 533 2245 Quod
551 2177 635 2233 nobis
655 2177 781 2233 occurrit
798 2176 941 2248 imprimis
959 2176 991 2230 in
1007 2175 1189 2231 orationibus
1202 2177 1367 2233 narrationi

294 2267 432 2323 immissis
451 2265 498 2323 ci:
519 2265 552 2334 V,
571 2269 596 2323 6.
615 2268 640 2324 9.
662 2268 702 2324 10.
717 2268 758 2323 17.
773 2266 813 2322 18.
827 2267 870 2323 20.
883 2266 928 2323 28.
941 2267 985 2322 29.
997 2266 1045 2331 30;
1064 2263 1113 2333 VI,
1133 2266 1158 2318 2.
1177 2265 1222 2323 22.
1248 2264 1366 2322 Deinde

295 2358 332 2411 ab
350 2354 475 2427 Apuleio
494 2354 650 2425 imaginem
669 2353 798 2409 debello
817 2352 973 2426 repetitam
992 2357 1022 2409 et
1039 2354 1224 2426 ineptissime
1247 2355 1366 2427 excogi-

294 2448 388 2500 tatam
412 2443 558 2517 capitibus
581 2446 624 2500 11.
645 2445 687 2499 12.
709 2443 775 2498 libri
798 2442 830 2502 V.
855 2444 986 2498 additam
1010 2458 1074 2498 esse
1096 2443 1230 2499 arbitror.
1268 2443 1368 2511 Quam

295 2534 450 2604 imaginem
463 2531 605 2604 Apuleius
623 2534 653 2587 in
667 2533 778 2588 deliciis
789 2532 905 2588 ridetur
917 2533 1063 2600 habuisse,
1077 2532 1192 2588 addidit
1208 2548 1275 2588 eam
1287 2533 1370 2589 enim

295 2623 384 2677 etiam
403 2638 486 2693 capp.
507 2623 606 2678 16.17.
626 2621 690 2677 libri
709 2624 826 2676 metam.
840 2620 878 2689 ll,
897 2621 927 2676 id
941 2621 1020 2692 quod
1033 2621 1175 2676 evincitur
1187 2623 1367 2694 comparatis

294 2710 340 2766 his
354 2728 438 2783 capp.
451 2728 517 2766 cnm
530 2728 615 2783 capp,
630 2710 676 2765 Vl.
692 2710 751 2765 Vll.
765 2710 853 2765 libelli
866 2710 1105 2765 Pseudolucianei
1118 2711 1169 2782 qui
1182 2711 1366 2767 inscribitur:

296 2797 417 2861 Λάκιος
437 2795 452 2868 ἢ
472 2796 543 2861 ὄνος.
1227 2868 1230 2873 ¹

385 2889 431 2961 25)
450 2890 485 2944 of.
509 2884 634 2960 ‘lupaces
658 2884 833 2959 upoooinwu’:
861 2888 915 2956 lV,
934 2890 969 2946 ‘28
992 2888 1100 2960 (puella
1117 2887 1247 2959 pulchra)
1272 2885 1310 2955 V,
1328 2889 1365 2942 22

295 2978 423 3045 (Amoris
441 2978 544 3047 figura,
563 2978 657 3032 crines
676 2980 740 3047 etc.)
759 2975 808 3046 IV,
827 2978 860 3032 31
882 2976 992 3046 (Venus
1006 2994 1073 3033 cum
1091 2976 1221 3032 exercitu
1238 2975 1368 3030 marino·

296 3065 344 3133 Vl,
364 3068 379 3119 6
400 3064 509 3131 (Venus
528 3083 582 3137 per
599 3070 667 3121 aera
685 3067 794 3134 vecta);
816 3060 941 3120 ιτὸπων’;
965 3065 999 3134 V,
1019 3070 1034 3123 1
1059 3066 1162 3136 (lucus)
1190 3063 1221 3132 V,
1242 3067 1257 3120 1
1277 3063 1368 3136 (pala)

295 3155 381 3224 tium)
400 3153 449 3223 VI,
470 3156 502 3209 15
522 3156 615 3226 (mons
634 3155 810 3226 inaccessus)
829 3158 884 3211 etc.

384 3245 430 3312 26)
448 3243 535 3299 Haud
554 3244 614 3300 scio
634 3260 671 3299 an
690 3244 836 3300 orationes
856 3244 964 3315 quibus
984 3244 1058 3300 duae
1082 3260 1197 3300 sorores
1219 3243 1369 3316 malignae

296 3335 331 3389 de
352 3334 464 3405 Psycha
481 3336 603 3405 eiusque
622 3334 727 3389 marito
746 3349 843 3389 secum
864 3334 1042 3389 altercantur
1060 3335 1147 3390 certis
1166 3351 1202 3389 ex
1214 3333 1370 3390 rhetorum

295 3423 459 3493 praeceptis
478 3423 528 3490 (ab
546 3421 701 3494 Apuleiot)
721 3423 781 3478 sint
803 3424 992 3494 compositae.
1030 3423 1168 3480 conferas
1191 3423 1271 3479 enim
1296 3438 1368 3494 quo·

295 3511 383 3566 modo
409 3528 453 3567 ex.
473 3527 497 3568 c.
516 3510 704 3583 Aphthonius
724 3513 769 3582 (cf.
792 3512 937 3583 Spengelii
955 3512 1037 3568 Rhet.
1057 3513 1105 3568 Gr.
1125 3512 1160 3578 ll,
1180 3515 1214 3568 27
1225 3514 1280 3583 sq.)
1300 3508 1369 3568 ἁνα-

295 3595 394 3668 σκειιὴν
403 3600 490 3656 condi
501 3598 608 3655 iubeat.
625 3595 702 3667 ἡτῶν
712 3595 862 3672 φησάντων
875 3595 1003 3670 διαβολῆς
1024 3601 1057 3671 V,
1070 3603 1103 3657 10
1113 3597 1277 3657 ‘recordare
1289 3600 1370 3657 enim

296 3707 385 3761 quam
394 3691 527 3762 superbe,
541 3706 630 3760 quam
639 3690 815 3761 adroganter
826 3693 980 3748 nobiscum
990 3691 1082 3761 egerit
1092 3694 1122 3747 et
1130 3693 1197 3762 ipsa
1205 3690 1367 3747 iactatione

294 3779 467 3833 immodicae
485 3778 691 3835 ostentationis
703 3782 870 3836 tumentum
883 3797 969 3836 suum
982 3780 1144 3851 prodiderit
1155 3780 1288 3837 animum
1301 3776 1368 3837 etc.‘

295 3865 329 3934 V,
351 3870 395 3921 17:
419 3863 516 3938 ‘quid,
542 3884 641 3935 soror,·
665 3869 788 3925 dicimus
812 3870 934 3925 datam
956 3873 1143 3926 monstruoso
1165 3869 1265 3924 fatuae
1288 3868 1370 3925 illius

295 3953 463 4013 mendacio’
479 3944 553 4023 ἧτοῦ
563 3952 729 4030 πράγματος
740 3961 859 4019 taurese:
871 3954 953 4014 ‘tunc
965 3958 1137 4015 adulescens
1150 3954 1238 4015 modo
1248 3957 1371 4015 florenti

295 4044 431 4114 lanugine
449 4046 570 4101 barbam
588 4041 744 4109 instruens,
768 4064 846 4103 nunc
865 4047 970 4103 aetate'
981 4048 1077 4104 media
1097 4047 1235 4104 candenti
1258 4048 1371 4105 canitie

296 4130 425 4192 lucidus?
464 4130 571 4206 dosassis
590 4140 636 4188 aul
656 4131 802 4191 ἀπίθανον
819 4158 843 4191 κ.
863 4159 885 4196 τ.
905 4140 941 4195 h:
959 4132 1036 4208 ‘quis
1054 4138 1101 4192 ille
1121 4154 1210 4209 quem
1222 4139 1370 4210 tempori!

295 4222 400 4278 modici
421 4224 549 4294 spatium
567 4225 721 4297 repentina
739 4230 857 4282 senecta
875 4222 1069 4282 reformarit?²
