2896 5054
702 494 919 558 -60,

370 667 477 747 Quam
500 668 542 732 ad
565 669 787 755 quaestionem
809 680 898 734 recte
922 669 1163 736 diiudicandum
1186 672 1353 759 Apuleius

276 757 348 860 ipse
371 775 459 838 viem
497 774 588 839 nobis
620 776 791 840 ostendere
817 776 947 840 videtur
976 776 1085 841 verbis
1109 777 1159 842 his
1175 779 1246 860 (IV.
1271 783 1349 862 32):

280 881 408 967 ‚Apollo
437 905 623 968 quanquam
647 888 792 946 Graecus
820 894 854 947 et
880 882 1025 948 Milesius
1047 895 1180 970 propter
1200 885 1352 953 Milesiae

280 987 481 1053 conditorem
514 989 561 1051 sie
590 989 709 1053 Latina
744 999 832 1053 sorte
859 991 1047 1074 respondit‘.
1094 990 1159 1056 Sed
1192 995 1353 1078 quoniam

279 1117 338 1180 pro
373 1106 461 1159 certo
490 1104 631 1160 statuere
659 1117 724 1159 non
755 1117 924 1180 possumus
958 1096 1088 1162 dicetne
1119 1097 1278 1184 Apuleius
1309 1101 1352 1166 de

282 1201 596 1282 metamorphosibus
619 1203 653 1264 in
675 1202 915 1286 universumffi),
940 1227 983 1267 an
1006 1205 1047 1268 de
1070 1204 1137 1269 sola
1160 1206 1352 1274 narratione

280 1331 362 1395 quae
394 1319 444 1374 est
482 1308 523 1373 de
546 1308 674 1394 Psyche
706 1307 980 1394 etOupidine19),
1016 1312 1167 1397 equidem
1201 1335 1246 1376 ex
1285 1313 1351 1380 hoc

279 1417 349 1482 loco
373 1415 453 1481 nihil
477 1415 720 1496 concludamw).

366 1525 418 1588 Ita
456 1523 649 1587 testimoniis
682 1521 837 1608 neglectis
875 1522 943 1586 sola
980 1525 1104 1588 ratione
1143 1525 1351 1611 inquiramus

282 1652 414 1695 necesse
448 1640 506 1695 est.
552 1628 709 1693 Conferas
737 1629 838 1713 igitur
865 1628 985 1712 locum,
1017 1653 1114 1716 quem
1138 1630 1180 1695 ab
1204 1632 1351 1718 Apuleio

280 1738 491 1822 compositum
530 1735 727 1800 ostendimus
759 1758 833 1800 curn
860 1735 930 1800 loco
959 1738 1101 1821 quodam
1128 1760 1224 1823 quem
1248 1752 1351 1807 antea

279 1843 326 1907 illi
349 1843 384 1908 X
412 1842 596 1908 tribuimus:
629 1843 682 1922 (V.
703 1842 760 1928 30)
784 1844 849 1925 ,cui
882 1842 928 1924 (id
952 1853 1001 1908 est
1023 1844 1136 1925 Marti)
1161 1847 1290 1931 saepius
1316 1850 1351 1913 in

279 1972 432 2036 angorem
465 1951 530 2013 mei
562 1949 738 2034 paelicatus
781 1949 904 2035 puellas
936 1952 1109 2036 propinare
1150 1955 1349 2040 consuesti‘3

278 2056 347 2137 (IV.
377 2057 433 2141 28)
470 2078 565 2139 ,novo
597 2056 784 2120 caelestium
807 2055 963 2120 stillarum
986 2059 1131 2142 germine
1154 2081 1219 2123 non
1242 2062 1351 2127 maria

279 2162 337 2227 sed
361 2172 465 2228 terras
481 2164 644 2228 Venerem
667 2162 762 2227 aliam
787 2163 939 2248 virginali
954 2164 1033 2228 flore
1042 2165 1224 2249 praeditam
1232 2167 1349 2253 pullal-

277 2269 379 2334 lasse‘..
408 2270 538 2335 Deinde
562 2270 699 2356 legimus
722 2270 792 2349 (Vl.
817 2271 885 2352 22):
909 2271 1006 2352 ,istud
1030 2284 1144 2356 pectus
1167 2295 1277 2339 meum

281 2377 523 2442 convulneraris
545 2377 683 2442 assiduis
705 2374 825 2440 ictibus
849 2377 1037 2463 crebrisque
1061 2389 1211 2445 terrenae
1235 2380 1343 2447 libidi-

278 2486 327 2547 nis
355 2484 537 2549 foedaveris
567 2483 694 2548 casibus
723 2494 900 2569 contraque
924 2483 1013 2568 leges
1035 2494 1067 2549 et
1089 2485 1194 2570 ipsam
1217 2488 1345 2555 Juliam

257 2590 426 2676 ,turpibus
457 2590 623 2655 adulteriis
655 2591 926 2654 existimationem
959 2639 966 2653 .
991 2643 997 2656 .
1022 2644 1029 2658 .
1055 2614 1159 2656 meam
1200 2593 1347 2661 laeseris‘

277 2718 308 2760 et
331 2698 401 2777 (VI.
428 2701 458 2780 1)
482 2699 579 2780 ,unde
595 2708 704 2761 autem
727 2751 734 2765 .
760 2749 766 2760 .
791 2745 798 2760 .
823 2698 889 2760 scio
912 2720 956 2761 an
979 2707 1011 2762 et
1034 2699 1107 2762 istic
1130 2723 1219 2764 meus
1244 2702 1345 2787 degat

277 2806 426 2869 maritus‘
454 2807 523 2870 sive
546 2803 618 2884 (IV.
648 2807 702 2885 30)
730 2804 869 2867 «Amor»
895 2805 962 2889 ,qui
989 2803 1081 2868 malis
1112 2807 1177 2870 suis
1198 2807 1341 2872 moribus

278 2922 462 2996 contempta.
484 2911 653 2997 disciplina
669 2909 824 2996 publica.
850 2959 855 2970 .
881 2959 887 2971 .
912 2911 1044 2995 impune
1068 2913 1237 2976 committit
1251 2921 1345 2978 tanta

366 3214 408 3277 18)
426 3210 462 3266 Id
474 3212 554 3283 quod
565 3214 664 3267 censet
673 3211 784 3280 Burger
796 3208 879 3282 (Der
888 3211 986 3266 antikc
996 3210 1107 3266 Roman
1117 3229 1170 3267 vor
1179 3211 1344 3270 Petronius‘

275 3302 306 3356 in
325 3302 448 3357 Hermae
471 3301 527 3356 vol.
546 3303 588 3358 27.
608 3319 636 3372 p.
654 3301 731 3369 353);
756 3316 844 3371 quem
863 3301 995 3372 sequitur
1014 3299 1115 3356 Dietze
1132 3296 1160 3360 Ἱ.
1180 3297 1206 3356 1.’
1231 3319 1259 3374 p.
1281 3305 1344 3361 146.

367 3409 408 3480 19)
428 3409 463 3463 Id
487 3408 567 3480 quod
589 3407 744 3463 rerisImile
767 3407 917 3462 existimat
939 3406 1040 3462 Rohde
1064 3408 1099 3463 of.
1121 3401 1232 3462 ‘Rhein
1256 3407 1343 3467 Mus'

278 3499 321 3552 ra
340 3514 367 3568 p.
383 3498 443 3552 134.

364 3605 408 3675 20)
428 3603 529 3676 Neque
547 3603 615 3658 inde
634 3604 713 3674 quod
731 3603 869 3674 Apuleius
889 3602 948 3670 (IV,
961 3604 1006 3672 32)
1026 3603 1110 3673 quasi
1123 3607 1345 3661 excusationem

275 3697 379 3765 petens
398 3695 443 3764 (cf.
462 3688 587 3748 ‘Zinzow
605 3692 623 3750 1.
641 3688 668 3750 1.’
687 3710 716 3764 p.
732 3694 781 3748 121
793 3709 835 3764 sq.
842 3714 849 3760 ;
878 3709 965 3763 quem
990 3692 1121 3762 sequitur
1140 3691 1242 3748 Dictae
1265 3688 1296 3751 ‘l.
1316 3690 1343 3748 l.‘

275 3799 303 3853 p.
317 3783 385 3853 145).
413 3782 577 3854 Apollinem
590 3783 677 3837 latine
690 3783 858 3854 loquentem
871 3780 991 3848 inducit,
1010 3781 1047 3835 ab
1061 3780 1183 3851 Apuleio
1196 3784 1346 3838 renarrcri

273 3865 443 3927 ‘historiam’
464 3873 603 3928 Graecam
622 3871 815 3927 demonstrari
834 3873 940 3941 potest.
977 3868 1084 3935 Quidni
1102 3869 1178 3924 enim
1198 3869 1344 3942 Apuleius

275 3961 339 4033 ipse
356 3961 485 4017 fabulam
503 3966 634 4017 nostram
657 3977 749 4033 prope
769 3959 900 4014 Miletum
922 3956 969 4028 agi
991 3958 1100 4028 fingere
1124 3958 1239 4028 potuit?
1277 3957 1344 4026 Quo
1434 4004 1438 4011 .

276 4053 387 4105 statuto
406 4067 464 4105 non
484 4051 587 4105 mirum
607 4050 804 4105 videturesse
824 4047 903 4118 quod
922 4046 968 4101 his
986 4047 1083 4102 verbis
1101 4063 1185 4103 usus:
1208 4042 1345 4120 ‘propter

276 4138 404 4194 Milesiae
441 4139 621 4195 conditorem
662 4138 704 4193 sic
735 4136 839 4192 Latina
871 4139 950 4192 sorte
983 4131 1141 4207 respondit'
1171 4135 1345 4208 Apollinem

275 4227 411 4284 lonicum
430 4229 539 4285 Graeca
557 4228 655 4299 lingua
673 4244 732 4282 non
750 4226 958 4282 vaticinantem
976 4225 1054 4281 facit.
