2896 5054
688 523 907 586 ..64-

264 699 370 765 tillum
393 700 526 786 quidem
549 699 694 765 indidem
718 699 797 763 mibi
820 699 939 783 delibo,
963 701 1015 765 vel
1038 703 1084 766 sic
1107 706 1244 769 amatori
1262 728 1334 771 meo

172 835 174 839 ’
265 807 427 873 formonso
464 808 668 901 placitura‘:¹
694 817 727 871 at
760 830 858 893 quam
895 808 1108 895 neglegenter
1145 809 1228 876 haec
1260 793 1335 879 sunt

266 916 355 981 dicta
378 915 440 997 ‚his
464 917 573 982 verbis
597 925 629 979 et
652 913 856 1000 amplexibus
880 914 1030 980 mollibus
1053 916 1244 984 decantatus
1267 943 1334 984 ma-

266 1024 358 1088 ritus‘
380 1024 434 1110 (V.
461 1026 524 1108 13).
571 1022 622 1087 Ae
646 1023 710 1086 nisi
733 1022 844 1088 rhetor
860 1045 954 1088 nemo
970 1025 1004 1086 in
1019 1023 1054 1087 id
1069 1026 1213 1091 incidere
1230 1029 1335 1110 potuit

267 1140 303 1195 ut
319 1131 410 1195 initio
427 1130 557 1200 fabulae
573 1131 674 1196 verbo
690 1142 785 1196 tenus
802 1153 819 1194 e
835 1129 954 1194 fabella
976 1131 1126 1216 populari
1141 1131 1334 1219 deprompto
1431 1149 1433 1153 ‘

266 1260 327 1303 nec
366 1237 468 1302 multo
505 1238 591 1303 infra
629 1238 767 1303 fabellae
806 1249 997 1322 argumento
1036 1239 1203 1325 paululum
1236 1251 1335 1327 atque

264 1346 385 1430 optime
416 1344 550 1410 dilatato
560 1346 600 1431 29)
633 1355 681 1410 tot
713 1353 884 1430 tantasque
917 1347 1079 1412 orationes
1114 1346 1244 1412 fabulae
1276 1350 1334 1412 im·

267 1453 421 1534 mitteret,
444 1462 480 1517 ut
503 1453 632 1518 Amoris
656 1475 776 1533 arcem,
800 1452 929 1517 Amoris
955 1455 1069 1537 crines,
1093 1453 1241 1539 Psychae
1264 1455 1334 1541 pul-

266 1558 497 1641 chritudinem,
536 1559 677 1624 Veneris
700 1561 782 1623 iram
805 1570 853 1623 tot
875 1559 1014 1645 prolusis
1038 1560 1190 1639 verbis³⁰l
1215 1561 1335 1627 descri-

270 1664 369 1732 beret.
405 1667 446 1730 In
470 1668 516 1732 eis
540 1666 617 1732 locis
634 1666 750 1753 quibus
773 1666 891 1731 fabella
914 1667 1079 1753 popularis
1095 1667 1335 1754 elegantissime

265 1797 286 1837 a
309 1773 343 1837 X
371 1785 531 1839 exornata
559 1782 608 1839 est
635 1774 731 1838 hosce
765 1775 1015 1839 numeraverim:
1046 1774 1105 1844 IV.
1130 1777 1183 1857 33,
1215 1775 1336 1862 (puella

266 1890 408 1966 nuptura
433 1879 582 1965 deterget
613 1881 762 1945 lacrimas
786 1882 856 1966 ipso
880 1904 937 1946 suo
960 1881 1140 1967 flammeo),
1166 1882 1207 1947 V.
1232 1886 1254 1949 4
1278 1882 1332 1970 (cf.

267 1997 377 2052 annot.
418 1989 489 2069 30),
527 1988 568 2051 V.
604 1992 644 2054 11
690 1987 850 2073 (Psychae
893 1988 998 2052 infans
1035 1990 1237 2075 praedicitur
1279 2001 1336 2056 aut

265 2093 396 2159 divinus
429 2105 485 2160 aut
512 2094 681 2178 mortalis),
719 2095 759 2158 V.
790 2099 841 2162 21·
875 2098 926 2162 22.
952 2099 1019 2177 23„
1043 2096 1100 2161 Vt
1127 2101 1165 2179 1.,
1188 2097 1246 2161 VI.
1272 2100 1334 2179 16„

264 2202 323 2266 Vl.
351 2204 402 2268 20.
427 2205 480 2267 21.
511 2201 633 2281 Contra
657 2226 754 2289 quam
777 2226 835 2268 nos
858 2202 968 2267 taedet
991 2202 1107 2267 harum
1129 2204 1334 2271 umbrarum:

267 2308 510 2390 Sollicitudinist,
534 2310 702 2392 Tristitiei,
727 2310 989 2392 Consuetudinis,
1015 2309 1208 2396 Voluptatis.

356 2417 511 2502 Denique
543 2418 571 2481 is
595 2419 652 2502 qui
679 2417 824 2482 fabulam
846 2417 1065 2503 Apuleianam
1087 2417 1238 2504 perlegit,
1269 2442 1335 2484 non

265 2547 329 2590 uno
357 2523 426 2590 loco
456 2523 633 2588 delectatur
656 2524 754 2590 rebus
778 2527 847 2590 sive
872 2525 1053 2590 actionibus
1077 2527 1148 2590 sive
1172 2527 1333 2591 condicio-

266 2630 376 2713 nibus,
407 2653 491 2717 quae
516 2631 558 2695 ad
582 2654 699 2718 corpus
722 2631 901 2696 humanum
924 2635 1099 2717 pertinent,
1122 2645 1275 2698 accurate
1299 2644 1331 2698 et

265 2738 430 2805 interdum
469 2741 600 2824 egregie
635 2740 817 2824 descriptis.
865 2729 993 2825 Operae
1030 2741 1170 2825 pretium
1203 2739 1333 2804 ridetur

142 2896 149 2909 s
264 2870 333 2912 esse
364 2846 451 2912 locos
480 2846 681 2912 exscribere:
719 2847 776 2911 IV.
809 2848 863 2913 29:
897 2848 1071 2931 impatiens
1104 2847 1332 2933 indignationis

263 2956 370 3040 capite
386 2955 554 3038 quassanti
577 2953 733 3033 fremens3
753 2952 810 3016 IV.
827 2954 883 3018 33:
908 2952 1017 3038 puella
1029 2965 1171 3039 nuptura
1187 2955 1334 3040 deterget

265 3061 416 3124 lacrimas
440 3061 509 3145 ipso
533 3083 590 3126 suo
614 3060 777 3144 flamme03
802 3060 860 3124 IV.
878 3063 933 3128 35:
957 3061 1071 3126 taedas
1096 3109 1102 3122 .
1128 3109 1134 3122 .
1160 3114 1168 3131 .
1191 3061 1334 3126 lacrimis

265 3168 331 3234 suis
355 3167 531 3253 extinctas3
564 3169 622 3235 IV.
647 3171 702 3234 35:
735 3167 872 3232 vibratis
896 3168 971 3232 hinc
995 3179 1028 3232 et
1050 3169 1128 3233 inde
1151 3168 1278 3234 laciniis
1301 3178 1334 3234 et

262 3277 374 3341 reflato
407 3279 495 3356 sinu;
534 3277 574 3344 V.
608 3279 641 3343 6:
674 3276 863 3360 imprimens
896 3276 1005 3340 oscula
1040 3277 1184 3342 suasoria
1216 3287 1250 3340 et
1282 3277 1333 3340 in-

263 3406 373 3448 serens
401 3384 503 3447 verba
530 3383 704 3447 mulcentia
727 3393 759 3446 et
781 3384 931 3468 ingerens
960 3385 1106 3448 membra
1134 3382 1331 3466 cohibentia3

263 3490 301 3554 V.
327 3491 359 3555 8:
392 3491 544 3554 iuvenem
572 3541 579 3554 .
605 3539 612 3553 .
639 3538 645 3551 .
675 3489 880 3580 commodum
912 3490 1022 3556 lanoso
1058 3490 1199 3556 barbitio
1232 3513 1332 3576 genas

351 3724 397 3790 29)
417 3722 452 3777 ef.
477 3717 515 3786 V,
541 3721 565 3775 4.
592 3713 674 3774 ‘tunc
700 3719 860 3791 virginitati
887 3738 958 3778 suae
984 3738 1036 3792 pro
1064 3724 1147 3791 tanta
1175 3719 1333 3776 solitudine

260 3813 395 3865 metuens
404 3811 494 3880 pavet
504 3807 686 3864 abhorrescit
695 3812 725 3864 et
734 3810 839 3880 quovis
848 3810 925 3866 malo
935 3810 1001 3882 plus
1012 3810 1097 3867 timet
1107 3809 1185 3882 quod
1196 3807 1331 3881 ignorat?

349 3901 396 3968 30)
417 3898 532 3965 Quanto
554 3897 652 3953 studio
671 3897 745 3954 tales
765 3892 910 3970 ἐκφράσεις
929 3900 1111 3972 conscriptae
1129 3900 1202 3968 sint,
1225 3915 1332 3971 cogno·

261 3987 370 4043 scimus
389 4005 405 4042 e
423 3986 521 4043 verbis
539 3985 605 4042 libri
623 3985 672 4041 lV.
692 4003 755 4058 cap.
776 3987 823 4043 31:
847 3983 925 4044 ‘talis
950 3989 988 4044 ad
1015 3988 1162 4046 Oceanum
1186 3988 1333 4047 Venerem
1355 3984 1359 3992 '

261 4079 432 4147 pergentem
439 4071 769 4136 comitaturexercitus.'
791 4075 929 4134 Similiter
937 4077 1065 4135 Achilles
1076 4079 1179 4134 Tatius
1187 4080 1221 4150 (A
1230 4077 1294 4148 XV,
1304 4080 1331 4148 2)

262 4167 403 4237 tanquam
424 4181 565 4236 magnum
584 4164 736 4236 quoddam
760 4166 941 4237 profecisset,
967 4168 1050 4224 dicit:
1083 4163 1206 4234 ‘rendra
1233 4188 1274 4228 nr
1297 4158 1333 4234 ἦν
1440 4242 1443 4248 Ι

277 4257 358 4324 pella
378 4249 487 4325 φυτῶν)
