2896 5054
556 447 819 549 kas-

135 720 137 724 .
172 662 357 746 Apuleiana
374 665 516 726 exeunte
541 684 648 724 rerum
672 662 891 726 narrationem
915 663 1063 726 nonnihil
1079 662 1244 727 turbatam

171 791 241 833 esse
264 768 342 832 inde
367 791 496 854 quoque
521 767 629 852 colligi
652 777 768 852 potest,
794 769 880 853 quod
896 769 1046 833 nonullae
1062 791 1113 833 res
1129 791 1243 833 secum

170 883 354 958 pugnantes
386 874 499 938 lectori
532 874 756 939 obvertuntur.
814 876 890 939 Jam
923 898 1021 959 supra
1053 877 1139 960 (pag.
1174 875 1243 958 16.)
1293 923 1295 929 ,

171 980 279 1044 mirati
303 1003 422 1061 sumus,
448 981 535 1065 quod
551 980 698 1066 Psychae
721 980 829 1044 infans
852 1002 933 1065 puer
955 981 1161 1065 praedicitur,
1185 1005 1245 1066 pu-

171 1084 233 1149 ella
247 1088 401 1150 nascitur.
428 1086 576 1169 Accedit,
602 1087 687 1172 quod
704 1087 897 1151 narrationis
913 1086 1115 1172 Apuleianae
1133 1089 1246 1151 exitus

171 1214 244 1254 cum
277 1194 323 1255 eis
357 1215 441 1277 quae
474 1193 683 1277 praecedunt,
723 1216 839 1277 parum
868 1204 943 1278 apte
968 1196 1158 1257 coniunctus
1183 1205 1244 1257 est.

171 1301 326 1384 Legimus
362 1302 449 1363 enim
483 1299 564 1364 haec
596 1302 629 1362 in
663 1299 738 1364 libri
766 1310 894 1364 metam.
920 1301 976 1364 VI.
1002 1302 1108 1385 capite
1132 1301 1244 1368 XVII.

171 1407 306 1480 ‚interea
331 1406 456 1490 Cupido
476 1462 481 1472 .
500 1458 531 1473 ..
557 1430 657 1491 aegra
679 1407 774 1489 facie,
798 1409 910 1471 matris
934 1429 1011 1470 suae
1035 1409 1243 1491 repentinam

173 1499 380 1578 sobrietatem
411 1515 645 1598 pertimescens
673 1513 715 1576 ad
744 1513 905 1577 armillum
928 1512 1013 1577 redit
1037 1566 1043 1578 .
1069 1562 1075 1576 .
1103 1517 1121 1576 ‘.
1170 1515 1242 1578 Hoc

173 1620 256 1701 loco,
281 1643 344 1704 quo
368 1621 437 1683 iure
462 1621 502 1682 de
526 1619 689 1704 Cupidine
712 1620 809 1705 paulo
833 1632 908 1684 ante
932 1643 950 1684 e
974 1621 1085 1683 matris
1095 1620 1246 1685 custodia

170 1749 232 1811 per
260 1725 435 1790 fenestram
459 1726 566 1811 elapso
594 1726 693 1790 scribi
720 1728 844 1810 possint
871 1725 972 1789 verba
1004 1726 1054 1799 ,ad
1078 1709 1244 1790 armillum

169 1833 280 1906 redit,
305 1833 455 1918 equidem
472 1856 536 1897 non
552 1833 713 1917 intellego.
760 1833 830 1896 Nec
846 1832 983 1896 lev-iores
999 1832 1240 1916 discrepantiae

169 1938 263 2002 nobis
289 1937 504 2003 obversantur
531 1941 565 2001 in
590 1938 665 2001 libri
688 1939 745 2012 VI,
771 1939 931 2023 capitibus
958 1943 1009 2007 11.
1034 1961 1104 2022 sqq.
1152 1937 1246 2019 Quas

169 2044 314 2109 breviter
342 2044 535 2107 adumbrare
569 2047 604 2107 in
632 2047 740 2110 animo
773 2056 834 2118 est,
864 2043 950 2130 quod
978 2066 1028 2108 res
1058 2045 1092 2106 in
1121 2042 1247 2128 Apulei

169 2153 354 2216 narratione
370 2173 482 2215 secum
496 2161 677 2235 pugnantes
690 2151 861 2235 saepius¹⁰)
879 2174 944 2215 non
953 2151 1057 2214 frusta
1076 2148 1245 2215 examina-

172 2259 286 2321 vimus.
334 2258 373 2320 In
403 2259 509 2342 capite
542 2259 602 2320 Xl.
636 2257 714 2320 talia
741 2258 934 2342 reperimus¹
951 2257 1090 2339 ‚interim
1115 2257 1246 2344 Cupido

169 2364 253 2428 solus
278 2413 284 2425 .
311 2416 317 2429 .
344 2413 350 2425 .
375 2363 516 2427 cubiculi
541 2364 687 2428 custodia
705 2363 831 2428 clausus
849 2362 1083 2429 coherccbatur
1108 2366 1241 2447 acriter,

167 2473 286 2555 partim
310 2493 350 2533 ne
374 2470 533 2554 petulanti
556 2471 686 2535 luxurie
711 2471 827 2534 vulnus
852 2481 1020 2555 gravaret,
1053 2472 1173 2554 partim
1197 2494 1241 2537 ne

168 2601 242 2641 cum
271 2600 330 2640 sua
360 2578 470 2661 cupita
501 2579 698 2641 conveniret.
752 2577 806 2641 Sic
835 2599 912 2661 ergo
941 2577 1089 2640 distentis
1121 2587 1153 2640 et
1180 2579 1241 2640 sub

167 2708 231 2749 uno
270 2693 355 2748 tecto
389 2685 545 2768 separatis
578 2683 777 2748 amatoribus
809 2695 916 2748 taetra
950 2706 1016 2748 nox
1049 2682 1240 2747 exanclata‘.

167 2793 217 2855 Ac
240 2790 396 2876 profecto,
429 2801 599 2876 postquam
622 2792 734 2854 Venus
757 2792 806 2853 ira
830 2790 1029 2854 inflammata
1051 2789 1242 2874 gravissime

168 2899 203 2961 in
228 2897 425 2982 Cupidinem
457 2898 588 2960 invecta
621 2908 669 2960 est
697 2904 839 2975 (metam.
864 2898 904 2964 V.
931 2899 982 2964 29.
1008 2895 1083 2982 30.)‚
1109 2896 1242 2959 omnino

168 3027 186 3067 e
209 3027 244 3067 re
268 3026 338 3067 esse
361 3003 502 3084 videtur,
532 3015 567 3067 ut
592 3027 665 3066 eum
690 3002 839 3068 cubiculo
863 3004 974 3089 egredi
998 3027 1062 3069 non
1085 3004 1240 3088 patiatur.

167 3110 243 3196 Ipsa
270 3133 347 3174 vero
381 3110 542 3195 Psycham
580 3112 614 3173 in
647 3111 755 3194 pensis
789 3111 996 3194 perficiendis
1030 3134 1049 3174 a
1078 3108 1243 3195 Cupidine

167 3218 274 3282 nescio
314 3216 473 3307 quomodo
514 3217 663 3281 adiuvari
696 3220 894 3302 suspicatur,
935 3241 1010 3280 cum
1046 3217 1125 3280 dicit
1167 3239 1243 3290 ‚non

167 3334 260 3387 tuum
284 3344 344 3386 nec
368 3334 499 3387 tuarum
522 3345 677 3386 manuum
692 3323 779 3387 istud
795 3346 885 3408 opus,
910 3325 967 3388 sed
982 3323 1078 3404 illius,
1098 3317 1156 3386 'cui
1173 3334 1239 3398 tuo,

167 3432 267 3495 immo
297 3432 398 3515 ipsius
427 3429 510 3494 malo
539 3429 699 3514 placuisti‘
731 3434 871 3512 (metam.
904 3431 964 3499 VI.
990 3429 1054 3516 10.)
1085 3440 1116 3492 et
1145 3426 1240 3513 paulo

168 3537 254 3601 infra
287 3560 359 3620 ‚nec
382 3560 434 3600 mc
458 3538 612 3621 praeterit
637 3536 732 3600 huius
763 3561 889 3623 quoque
914 3537 994 3602 facti
1017 3545 1130 3601 auctor
1154 3535 1244 3599 adul-

170 3645 307 3709 terinus‘
332 3644 641 3722 (metam.VI.13.).
667 3643 812 3707 Maxime
838 3653 945 3707 autem
962 3646 1119 3707 miramur
1144 3641 1242 3726 Cupi-

168 3751 277 3813 dinem
316 3773 375 3834 per
407 3750 595 3814 altissimam
627 3750 866 3835 cubiculique
898 3747 1122 3829 cohibebatur,
1156 3748 1243 3832 elap-

171 3879 241 3920 sum
287 3856 464 3920 fenestram
514 3856 675 3940 Psycham
721 3879 811 3919 suam
864 3855 977 3919 induci
1030 3855 1245 3918 suscitantem

169 3969 301 4045 (metam
316 3963 373 4027 VI.
390 3962 477 4047 -21.).

170 4117 382 4124 --——.——-—

262 4193 304 4262 10)
325 4193 360 4252 cf.
374 4207 492 4262 quoque
505 4191 591 4245 huius
605 4191 819 4246 dissertationis
833 4193 923 4260 caput
935 4190 1063 4260 primum
1073 4190 1155 4258 (p.10
1165 4190 1243 4258 sqq),
