2896 5054
608 489 831 554 ..48-

183 666 348 752 eleganter
380 665 572 747 edolaverit,
603 688 681 751 quos
711 675 860 730 auctores
895 675 1026 730 secutus
1056 665 1259 751 Cupidinem

184 772 311 858 puellae
345 772 512 836 cuiusdam
541 773 659 836 amoris
692 775 934 856 concitatorem,
963 773 1127 838 Venerem
1150 772 1259 837 filium

72 942 77 951 ,
185 880 418 963 castigantem,
453 878 638 964 Apollinem
676 880 803 965 puellae
841 890 959 944 sortem
998 880 1258 966 praedicentem,

158 1062 163 1074 ι
184 986 366 1051 Volcanum
382 985 548 1051 hominum
560 1010 650 1052 more
667 1010 780 1052 cenam
795 999 988 1072 coquentem
1002 987 1110 1051 faciat.
1134 985 1260 1051 Omnia

183 1095 256 1176 ista,
279 1094 314 1156 ni
336 1092 440 1176 fallor,
465 1116 504 1158 ea
527 1104 612 1176 sunt,
636 1118 719 1181 quae
743 1095 848 1179 poesis
866 1093 1120 1176 Alexandrinae,
1143 1094 1259 1178 impri-

184 1201 245 1264 mis
278 1199 419 1285 elegiae,
453 1201 582 1285 propria
614 1203 773 1266 novimus.
822 1201 918 1282 Quod
947 1201 1135 1286 singillatim
1160 1223 1258 1264 nunc

186 1308 398 1372 demonstrari
428 1329 493 1372 non
526 1330 619 1391 posse
647 1331 743 1373 nemo
776 1311 920 1394 ignorat,
949 1307 1124 1372 admodum
1147 1329 1260 1392 pauca

186 1415 272 1479 enim
301 1413 424 1499 elegiae
446 1413 690 1479 Alexandrinae
718 1424 860 1480 aetatem
888 1414 1039 1484 tulerunt,
1087 1413 1153 1478 Sed
1179 1437 1261 1499 quo-

186 1522 282 1585 modo
302 1530 470 1606 poetarum
487 1521 786 1587 Alexandrinorum
804 1522 949 1586 carmina
965 1517 1108 1606 elegiaca
1126 1543 1260 1606 compo-

185 1629 247 1693 sita
269 1628 401 1710 fuerint,
425 1627 531 1713 aliquo
556 1627 652 1692 modo
678 1650 720 1692 ex
735 1629 915 1692 imitatione
931 1627 1067 1692 aliorum
1083 1636 1259 1713 poetarum

188 1737 384 1821 cogitatione
414 1718 542 1820 assequi
570 1757 748 1819 possumus.
800 1735 912 1820 Piguit
939 1744 1049 1820 poetas
1081 1734 1256 1819 elegiacos,

187 1844 346 1928 imprimis
376 1841 610 1907 Callimachum
624 1843 665 1925 4),
694 1867 813 1928 magna
842 1842 986 1907 carmina
1010 1844 1103 1926 opica
1126 1863 1258 1926 compo·
1313 1912 1316 1919 ,

186 1973 279 2027 nere,
310 1950 494 2015 maluerunt
527 1973 629 2035 parva
659 1951 803 2014 carmina
830 1973 932 2035 eaque
957 1971 1082 2013 summa
1105 1946 1261 2033 sollertia,

188 2080 315 2123 summa
348 2057 524 2142 elegantia,
552 2080 676 2121 summa
700 2056 871 2142 diligentia
895 2058 937 2121 ad
959 2054 1120 2141 singulam
1144 2078 1262 2142 quam-

189 2187 255 2251 que
278 2187 348 2228 rem
372 2163 539 2229 elaborare
553 2164 592 2249 5).
623 2164 797 2228 Praeterea
819 2163 989 2229 mollitiam
1006 2172 1038 2226 et
1055 2163 1220 2228 cruciatus
1235 2163 1262 2250 6)
1356 2251 1359 2255 Ι

189 2272 297 2352 animi,
321 2270 486 2335 hominum
510 2270 704 2334 desiderium
728 2273 837 2335 nescio
862 2273 954 2335 cuius
977 2271 1026 2334 rei
1048 2268 1211 2334 subtiliter
1228 2292 1262 2347 et
1291 2270 1301 2287 '

189 2380 319 2464 copiose
343 2378 553 2461 enarrabant,
576 2379 610 2441 in
634 2380 764 2443 summis
789 2380 889 2442 animi
912 2375 1084 2442 affectibus
1107 2398 1258 2442 sermone

187 2487 300 2549 intimo
324 2485 468 2550 homines
492 2487 577 2571 ipsos
601 2508 711 2550 secum
733 2485 903 2572 loquentes
926 2483 1100 2549 faciebant.
1124 2483 1258 2549 Deinde

187 2594 220 2656 in
236 2593 270 2656 id
286 2616 414 2679 quoque
430 2593 625 2675 inciderunt,
650 2604 685 2657 ut
700 2593 835 2678 lapides,
860 2592 1003 2675 arbores,
1026 2592 1124 2656 silvas
1143 2614 1256 2655 aman·

188 2702 269 2764 tium
293 2700 438 2766 dolorum
463 2701 565 2764 socias
588 2700 762 2786 fingerent,
786 2722 931 2764 sermone
954 2699 1095 2763 humano
1119 2700 1258 2762 instrue-

187 2820 267 2879 rent,
300 2807 427 2890 Quibus
450 2809 485 2872 in
508 2809 605 2874 rebus
628 2810 685 2874 tali
707 2810 801 2874 modo
819 2810 1032 2896 depingendis
1049 2811 1127 2896 quin
1138 2816 1256 2892 po'e‘tae

189 2916 408 2980 Alexandrini
432 2918 529 2995 (sicut
552 2916 605 2979 ille
630 2915 675 3003 X)
698 2940 751 2981 res
776 2918 933 3003 quasdam
956 2919 1100 3003 ipsarum
1122 2913 1257 3001 popula·

188 3024 272 3086 rium
311 3022 503 3087 fabellarum
538 3024 684 3109 proprias
717 3037 888 3090 renarrent
926 3024 980 3089 vel
1013 3023 1171 3089 coloribus
1202 3045 1260 3086 ex-

190 3129 307 3213 colant,
332 3129 467 3194 dubium
492 3130 666 3218 non-ew)
691 3133 745 3217 (cf.
771 3131 905 3215 ,Rohde,
930 3131 948 3195 l.
973 3131 1007 3194 Ι.ί
1030 3155 1059 3216 p.
1085 3132 1160 3197 157.
1185 3133 1260 3216 sq).

276 3325 306 3394 4)
326 3325 361 3379 of.
378 3319 422 3382 ‘h
440 3324 555 3393 Rohde,
578 3325 638 3380 Der
661 3326 840 3396 griechische
863 3325 976 3380 Roman
999 3327 1059 3381 und
1083 3324 1165 3381 aeine
1188 3322 1261 3379 Vor-

188 3408 299 3475 laufer‘‚
319 3413 365 3467 ed.
386 3414 408 3481 1,
428 3430 455 3484 p.
471 3414 513 3473 22,
534 3414 635 3484 (affero
654 3415 697 3470 eis
717 3431 835 3486 quoque
857 3431 932 3485 quae
952 3431 1012 3486 seq.
1032 3431 1099 3486 pag.
1119 3413 1164 3469 ed.
1183 3411 1218 3483 I.)

278 3502 306 3570 5]
326 3501 399 3556 Cum
426 3503 544 3558 Amoris
571 3502 681 3574 palatio
710 3505 840 3574 (metam.
864 3503 897 3566 V,
918 3507 942 3559 1.
963 3503 998 3572 2.)
1025 3503 1157 3559 conferas
1185 3501 1262 3557 Solia

188 3591 298 3662 regiam
326 3591 446 3646 domum
472 3590 566 3663 (Ovid.
592 3595 712 3647 metam.
738 3591 781 3662 II,
804 3594 918 3664 lsqq.);
946 3596 978 3648 et
999 3594 1076 3648 siout
1102 3590 1262 3646 Palaemon

189 3681 300 3751 ,auriga
323 3680 462 3751 delphini‘
488 3681 594 3737 dicitur
618 3681 663 3753 (V,
682 3684 740 3750 31),
766 3683 809 3738 ita
826 3682 944 3738 Doridis
967 3681 1044 3737 filiae
1063 3680 1193 3752 piscibus
1213 3696 1262 3735 ve·

189 3770 300 3824 huntur
319 3768 412 3839 (Ovid.
431 3770 449 3828 l.
469 3770 486 3827 l.
507 3772 540 3826 11
551 3773 636 3842 sqq).

279 3861 306 3928 6)
326 3859 400 3915 Cum
423 3860 530 3931 Apulei
556 3861 654 3916 verbis
681 3859 729 3931 (V,
755 3861 801 3932 at)
819 3855 941 3931 ‘Psyche
965 3906 971 3919 .
996 3902 1030 3918 ..
1054 3864 1138 3916 aestu
1165 3858 1265 3932 pelagi

190 3948 284 4003 simile
302 3950 461 4004 maerendo
479 3945 612 4005 fluctuat’
632 3949 765 4004 conferas
785 3966 861 4020 quae
873 3948 991 4020 Dilthey
1004 3949 1126 4021 exponit
1143 3949 1174 4003 in
1186 3947 1264 4004 libro

191 4053 244 4092 suo
262 4038 427 4094 notissimo.
466 4039 502 4096 cf.
519 4032 574 4093 ‘De
593 4037 761 4094 Callimachi
780 4034 920 4109 Cydippa‘
940 4055 969 4109 p.
989 4038 1032 4094 69.
1052 4053 1096 4108 sq.

280 4128 307 4196 7)
328 4126 413 4194 Quod
431 4127 533 4182 Rohde
552 4128 589 4182 de
612 4127 668 4182 illis
690 4128 787 4199 poetis
810 4131 890 4183 recte
914 4127 1054 4183 iudicavit
1079 4126 1136 4181 hoc
1162 4125 1266 4182 dicens

192 4216 232 4284 (p.
256 4217 328 4280 toa:
357 4215 422 4282 „Sia
448 4217 639 4283 versuchten‚
672 4216 748 4271 ohne
773 4217 826 4272 das
855 4215 1051 4272 Wesentliche
1080 4215 1132 4270 der
1159 4213 1274 4270 Vella·-
