2896 5054
689 434 932 540 -εε-4

264 653 420 717 momenti
443 661 505 734 est,
539 651 626 737 quod
652 675 693 717 ne
716 654 751 717 in
779 653 941 734 ,historiis‘
973 654 1105 739 quidem
1131 652 1334 719 Graecorum

262 758 379 825 similia
394 758 525 843 desunt3
551 758 665 844 quodsi
680 782 755 825 raro
771 769 954 842 occurrunt,
977 759 1058 824 nihil
1073 759 1160 824 aliud
1179 749 1332 842 efficitur,

262 867 324 931 nisi
347 877 383 933 ut
407 875 529 930 ceteros
546 865 747 930 Graecorum
770 867 944 952 scriptores
956 868 1094 931 eroticos
1110 877 1142 931 et
1157 868 1333 932 veritatem

261 996 370 1039 rerum
402 994 554 1057 spernere
588 983 620 1036 et
662 981 773 1058 politas
808 971 1061 1038 Alexandrinos·
1087 974 1193 1037 minus
1232 976 1332 1039 anxio

263 1080 384 1145 imitari
411 1101 643 1164 cognoscamus
705 1081 841 1144 Praeter
873 1079 1096 1166 Xenophontis
1128 1079 1331 1168 Achillisquc

261 1185 336 1249 Tati
369 1184 456 1250 locos
495 1207 573 1272 quos
606 1187 749 1271 excripsi
779 1209 811 1272 p.
841 1187 900 1268 55,
931 1209 995 1251 non
1026 1187 1122 1272 pauci
1154 1186 1330 1272 accedunt3

261 1293 361 1369 affero
385 1315 413 1356 e.
438 1313 465 1356 c.
490 1291 566 1358 hos:
598 1279 703 1356 Achil.
726 1293 798 1357 Tot.
822 1293 864 1360 Η.
886 1293 911 1357 Ι.
935 1295 970 1358 4:
1002 1290 1157 1360 λανθάνει
1189 1320 1254 1378 μοι·
1285 1299 1332 1382 τῷ

259 1397 401 1483 ,στόματι
413 1397 649 1486 προσπταίσας
658 1394 716 1487 τὴν
722 1402 823 1485 χεῖρα,
841 1401 898 1466 καὶ
909 1402 1050 1485 τρωθεὶς
1058 1396 1133 1480 τούς
1145 1399 1330 1482 δακτύλους,

260 1502 356 1590 μόλις
377 1505 434 1595 τὴν
456 1509 546 1592 χεῖρα
570 1505 766 1582 συνέστειλεν
789 1499 989 1593 ἀνακραγών.

351 1611 478 1676 Heliod.
488 1612 532 1693 II,
544 1614 596 1678 35.
623 1602 721 1698 ὀρθὸς
737 1602 800 1700 τὴν
812 1601 930 1696 αὐχένα
946 1614 1001 1679 καὶ
1019 1607 1091 1679 άπὸ
1106 1618 1164 1680 τοῦ
1174 1610 1334 1696 μετιάποε

262 1715 318 1808 τὴν
342 1716 445 1807 κόμην
468 1715 553 1806 πρὸς
575 1718 614 1785 τὸ
631 1708 745 1805 ὄρθιον
761 1712 987 1802 άναχαιτίζαιν,
1012 1712 1100 1808 ἦρἱς
1115 1719 1332 1808 ένεπαγγελία

261 1831 369 1909 θυμοῦ
391 1825 449 1892 καὶ
473 1822 503 1893 οἱ
535 1830 694 1916 μυκτῆρες
722 1825 901 1911 ἐλευθέρως
927 1824 983 1892 τὸν
1011 1819 1091 1912 άέρα
1120 1823 1330 1906 εἶςντνέσντες.
1388 1812 1390 1816 ’

352 1949 455 2034 Long.
478 1957 527 2016 A.
552 1951 593 2031 V,
619 1955 648 2016 ‘2.
693 1948 732 2016 τὸ
755 1949 791 2015 δέ
814 1948 952 2017 παιδίον
975 1939 1111 2016 άκλαατὶ
1134 1944 1333 2037 λάβρωςτεῖς

265 2045 455 2146 άμφοτέρας
481 2051 540 2134 τὰς
563 2055 670 2144 θηλὰς
696 2056 881 2144 μεταφέρων
912 2053 1079 2140 τὸστόμα
1102 2053 1252 2145 καθαρὸν
1274 2059 1331 2124 καὶ

265 2159 412 2250 ιραιάρόν,
438 2153 492 2228 οἷα
508 2167 566 2250 τῆς
581 2159 649 2240 οἷὸς
664 2166 704 2250 τῇ
720 2160 846 2251 γλώττῃ
870 2162 904 2229 τί
932 2159 1115 2249 πρόσωπον
1137 2153 1330 2248 άντολιχμω-

265 2269 363 2357 μένης
385 2266 468 2351 μετὰ
490 2262 547 2334 τὸν
569 2261 664 2354 κάρον
686 2274 744 2357 τῆς
766 2274 897 2358 τροφῆς.
944 2273 985 2334 Δ.
1010 2269 1064 2350 38,
1086 2271 1117 2334 4.
1159 2267 1326 2358 «Δάφνις»
1428 2285 1433 2294 ’

265 2372 414 2464 φυλλάδα
444 2373 573 2460 χλωρὰν
606 2371 709 2441 ἔδωκε
740 2374 796 2441 καὶ
819 2372 992 2464 κρατήσας
1023 2375 1058 2441 ἐκ
1088 2381 1153 2442 τῶν
1185 2374 1329 2463 κεράτων

264 2479 486 2569 κατεφίλησεν.

263 2655 314 2726 ΙΙΙ,
334 2658 381 2713 1οι
400 2656 441 2711 illi
460 2655 589 2711 dolorem
607 2655 718 2710 ventris
736 2671 876 2739 manuum
895 2656 1111 2728 compressione
1135 2659 1236 2712 sedare
1255 2698 1261 2712 .
1281 2699 1287 2713 .
1307 2698 1328 2724 .‚

263 2744 316 2815 ΙΙΙ,
335 2746 379 2803 21.
397 2744 433 2813 11,
452 2746 496 2800 26.
514 2744 550 2813 X,
569 2747 613 2801 21.
634 2743 670 2807 X,
689 2746 724 2800 32
742 2747 797 2800 etc.
