2896 5054
668 497 887 559 ..10-

220 671 224 745 l
244 674 373 738 homine
389 695 504 757 magae
521 671 689 736 cuiusdam
705 681 775 735 arte
789 672 947 756 serpentis
963 671 1066 736 forma
1080 671 1192 736 induto
1208 671 1309 736 fabel-

222 779 294 859 {lae
322 779 459 843 affixum
484 799 682 843 censeamus.
728 777 884 862 Legimus
907 777 993 841 enim
1016 779 1051 842 in
1074 777 1309 863 metamorpho-

243 908 322 950 seon
344 883 420 948 libri
442 884 548 969 quinti
571 885 678 968 capite
702 884 854 948 vicesimo
877 885 973 948 tertio
996 882 1077 948 haec
1106 884 1244 970 ,Psyche

244 992 405 1076 depromit
429 987 530 1054 'unam
560 991 600 1054 de
626 989 778 1074 pharetra
805 992 958 1075 sagittam
985 1000 1017 1054 et
1038 1001 1161 1075 puncto
1184 990 1310 1076 pollicis

243 1109 422 1161 extremam
454 1096 558 1160 aciem
588 1095 849 1180 periclitabunda
956 1098 1095 1182 pupugit
1129 1096 1308 1166 altius
1348 1098 1351 1103 ’

244 1205 290 1267 sic
323 1204 440 1288 ignara
469 1201 596 1288 Psyche
629 1217 744 1286 sponte
776 1203 809 1265 in
837 1202 967 1267 Amoris
998 1203 1114 1267 incidit
1144 1207 1309 1268 amorem!

242 1310 352 1395 Atque
380 1310 414 1372 in
441 1307 517 1372 libri
544 1308 628 1372 sexti
652 1309 758 1393 capite
781 1308 936 1373 vicesimo
964 1309 1067 1393 primo
1094 1309 1176 1374 haec
1199 1332 1309 1374 occur-

243 1426 332 1480 runt:
371 1414 510 1499 ,Cupido
637 1414 787 1500 Psychen
820 1418 962 1480 accurrit
994 1439 1085 1481 suam
1117 1417 1309 1502 detersoque

243 1520 354 1587 somno
388 1569 428 1586 ..
454 1568 493 1584 ..
525 1520 660 1585 innoxio
692 1520 849 1604 punctulo
882 1523 1018 1607 sagittae
1049 1543 1126 1587 suae
1157 1523 1311 1588 suscitat‘

243 1628 351 1712 Atque
380 1626 458 1690 deus
485 1626 554 1710 ipse
583 1627 755 1709 amatorius
785 1627 912 1712 sagittis
940 1638 1082 1692 armatus
1109 1630 1155 1692 ita
1178 1628 1311 1714 quidem

243 1733 477 1815 introducitur,
510 1743 546 1796 ut
577 1731 715 1796 multum
739 1732 853 1797 -valeat
886 1733 928 1797 ad
956 1734 1054 1799 totius
1081 1734 1211 1799 fabulae
1238 1756 1310 1819 pro·

243 1840 388 1925 gressum
412 1839 684 1904 constituendum.
723 1839 798 1903 Istis
821 1839 910 1920 locis,
934 1840 996 1903 nisi
1018 1850 1051 1904 et
1073 1841 1264 1926 gravissima
1279 1850 1311 1904 et

244 1946 411 2030 aptissima
438 1944 687 2025 mutaverimus,
721 1966 779 2028 pro
812 1943 975 2030 Cupidine
1004 1946 1168 2011 hominem
1195 1947 1311 2011 beluae

244 2050 414 2115 cuiusdam
429 2050 533 2114 forma
548 2051 723 2114 co'e‘rcitum
739 2051 908 2115 restituere
923 2074 987 2116 non
1003 2075 1182 2138 possumus.
1219 2053 1312 2134 Quae

244 2179 319 2221 cum
347 2157 394 2220 ita
421 2156 500 2238 sint,
528 2177 593 2219 non
619 2155 730 2220 licebit
752 2155 884 2222 credere
906 2157 963 2222 illa
985 2158 1152 2244 postmodo
1176 2157 1312 2222 fabellae

244 2262 357 2326 addita
380 2284 450 2326 esse
472 2283 534 2326 nee
556 2261 752 2349 primitus20)
782 2263 815 2326 in
839 2285 878 2327 ea
900 2266 1071 2335 exstitisse.
1117 2266 1187 2331 Nec
1210 2263 1312 2329 multo

244 2369 337 2433 aliter
368 2390 420 2432 res
449 2370 487 2432 ¹se
519 2366 617 2431 habet
647 2370 768 2453 primo,
802 2390 912 2454 quem·
930 2394 1028 2457 supra
1060 2371 1206 2453 laudavi,
1241 2372 1311 2435 loco

245 2479 388 2555 (metam.
417 2475 476 2539 IV.
506 2476 558 2540 30.
587 2473 654 2560 31).
710 2475 844 2540 Initium
881 2480 1077 2542 narrationis
1107 2479 1311 2562 Apuleianae

244 2581 305 2645 hoc
328 2580 395 2644 fere
419 2581 514 2645 modo
537 2581 610 2645 fieri
626 2591 739 2645 notum
755 2591 812 2651 est.
846 2581 958 2645 Venus
973 2581 1121 2668 Psychae
1136 2583 1312 2666 pulchritu-

245 2687 314 2751 dini
348 2687 499 2751 invidens
531 2686 727 2772 Cupidinem
761 2688 863 2751 filium
895 2685 985 2779 iubet
1016 2687 1136 2772 virgini
1170 2709 1312 2750 amorem

246 2794 350 2858 infimi
374 2804 407 2858 et
430 2794 570 2858 extremi
593 2792 732 2858 hominis
755 2793 819 2858 telo
835 2794 966 2857 inicere.
1003 2789 1105 2856 Amor
1121 2803 1229 2856 autern
1245 2803 1312 2856 toto

246 2903 353 2964 animo
381 2899 507 2986 puellae
531 2922 640 2965 amore
664 2911 778 2985 captus
801 2898 912 2964 avehit
935 2921 1007 2963 eam
1030 2900 1065 2963 in
1087 2922 1196 2964 arcem
1212 2922 1311 2964 suam.

246 3007 319 3086 Qua
347 3007 529 3071 narratione
558 3007 728 3071 exordium
755 3005 886 3071 fabulae
910 3004 1112 3091 Apuleianae
1140 3017 1172 3071 et
1195 3005 1313 3091 simpli-

245 3114 408 3177 cissimum
437 3122 470 3178 et
492 3115 695 3198 aptissimum
717 3114 768 3195 fit,
796 3112 1004 3177 nihilominus
1027 3113 1261 3177 Friedlaender
1284 3122 1315 3175 et

246 3219 390 3305 Cosquin
413 3219 447 3282 id
470 3219 511 3283 ab
528 3218 668 3303 Apuleio
693 3220 888 3304 cogitatione
911 3230 1078 3304 repertum
1099 3230 1131 3284 et
1146 3219 1313 3305 postmodo

245 3326 422 3389 narrationi
447 3324 635 3390 adiunctum
658 3347 727 3390 esse
748 3324 1000 3410 arbitranturffi)
1038 3325 1083 3389 At
1100 3325 1171 3411 quis
1186 3325 1315 3410 putabit

334 3467 381 3530 20)
400 3464 440 3521 Ut
457 3465 562 3521 clarius
575 3466 780 3537 perspiciatur,
800 3465 872 3537 quid
888 3465 984 3534 velim,
1003 3464 1091 3536 paulo
1103 3464 1198 3520 frisius
1210 3464 1247 3520 de
1259 3463 1316 3519 hac

245 3570 277 3608 re
304 3569 397 3624 agam.
435 3554 466 3608 Si
493 3553 559 3626 quis
586 3553 769 3610 contenderit
792 3553 952 3609 maximam
970 3552 1075 3625 capitis
1097 3555 1142 3611 at.
1166 3554 1207 3624 (in
1225 3557 1316 3609 meta·

246 3642 441 3714 morphoseon
464 3642 539 3698 libro
557 3641 617 3714 IV.)
640 3645 757 3714 partem
774 3643 812 3698 ab
830 3642 955 3715 Apuleio
974 3643 1020 3698 vel
1038 3643 1075 3699 ab
1094 3642 1151 3698 alio
1169 3643 1316 3713 scriptore

246 3730 380 3787 additam
398 3746 471 3799 csse,
491 3731 628 3803 equidem
646 3747 706 3786 non
724 3730 879 3800 obsistam,
903 3731 973 3803 quia
990 3730 1038 3787 ille
1056 3731 1138 3788 locus
1161 3748 1179 3786 a
1199 3730 1316 3786 fabulae

246 3823 418 3890 argumento
443 3835 503 3875 non
528 3818 699 3891 requiritur;
725 3835 826 3876 omnes
849 3823 949 3876 autem
967 3819 1035 3888 loci,
1061 3820 1168 3892 quibus
1187 3818 1316 3890 demptis

246 3908 362 3964 fabulae
380 3911 586 3979 argumentum
604 3907 714 3965 corruit
731 3908 822 3980 (velut
839 3907 968 3978 met.V1‚
982 3910 1029 3978 21)
1048 3925 1083 3965 ea
1100 3909 1167 3980 ipsa
1179 3909 1216 3964 de
1229 3925 1317 3965 cansa

246 3997 405 4068 postmodo
424 3995 518 4052 additi
536 4012 601 4052 esse
620 3999 778 4066 nequeunt.

336 4089 381 4154 21)
395 4087 439 4142 De
453 4086 502 4153 eis,
516 4102 592 4157 quae
604 4084 706 4140 Dietze
719 4086 756 4142 de
768 4086 851 4143 initio
863 4087 980 4143 fabulae
992 4086 1173 4158 Apuleianae
1186 4085 1317 4158 protulit,

248 4175 294 4245 egi
312 4192 339 4247 p.
360 4178 395 4230 40
408 4192 451 4246 sq.
1050 4211 1053 4216 -
