2896 5054
605 553 827 617 ..63-

185 735 340 800 Horatius
364 733 538 797 notissimis
562 729 671 795 verbis
694 730 787 795 initio
811 731 889 796 artis
912 733 1058 817 poeticae
1074 734 1251 818 vituperat:

185 843 328 907 humano
357 840 456 926 capiti
487 841 648 903 cervicem
676 839 829 924 equinam
856 840 972 904 iunxit.
1019 839 1084 904 Sed
1107 839 1252 925 singulae

186 973 237 1015 res
261 949 382 1035 passim
405 946 524 1031 optime
549 957 626 1011 sunt
649 945 756 1011 lusae:
780 946 892 1034 procul
916 946 1014 1013 dubio
1038 946 1149 1011 fabula
1164 946 1253 1032 Apu·

186 1057 293 1121 leiana
323 1055 441 1119 fabulis
465 1053 665 1119 Graecorum
688 1053 948 1120 Romanensibus
984 1056 1111 1139 poetico
1149 1054 1254 1120 colore

186 1163 281 1248 longe
305 1172 458 1248 praestat.
506 1160 637 1226 Puellae
659 1160 868 1246 pulchritudo
892 1161 1024 1247 quidem
1047 1163 1082 1226 in
1106 1162 1253 1227 omnibus

185 1270 303 1335 fabulis
327 1269 584 1335 Romanensibus
609 1267 745 1333 Graecis
770 1270 891 1334 eisdem
918 1291 1045 1355 semper
1056 1268 1167 1334 verbis
1183 1269 1253 1334 des·

188 1376 339 1458 cribitur,
378 1387 414 1440 ut
436 1376 567 1440 fastidio
596 1376 815 1441 similitudinis
845 1376 942 1462 plane
966 1378 1133 1442 satiemur:
1166 1376 1253 1462 apud

185 1483 360 1570 Apuleium
371 1484 512 1548 iucunde
522 1505 561 1546 ac
570 1485 713 1548 suaviter
726 1485 853 1548 varium
870 1485 905 1547 in
915 1484 1090 1563 modum²⁷)
1107 1482 1254 1569 Psychae

186 1591 393 1677 pulchritudo
418 1589 611 1655 celebratur.
651 1590 858 1671 Quinetiam
874 1590 929 1654 illa
953 1592 986 1654 in
1009 1601 1102 1676 parte
1124 1589 1255 1656 fabulae
1290 1643 1293 1647 .

187 1721 250 1784 qua
277 1697 386 1784 puella
409 1698 534 1761 curiosa
559 1698 668 1761 mariti
691 1697 827 1761 formam
850 1708 995 1763 scrutata
1017 1697 1182 1763 lucernam
1206 1700 1254 1762 in·

187 1805 296 1869 cendit
330 1803 523 1869 dulcissimis
558 1815 591 1868 et
623 1804 823 1869 suavissimis
852 1803 961 1869 verbis
996 1804 1078 1870 adeo
1110 1807 1253 1869 narratio

186 1911 349 1993 abundat,
383 1922 418 1975 ut
448 1910 583 1975 fabellas
610 1913 697 1996 ipsas
725 1910 898 1997 populares
931 1914 1036 1996 gratia
1060 1922 1092 1976 et
1116 1910 1254 1977 dulcedo

187 2020 382 2082 narrationis
398 2018 602 2103 Apuleianae
618 2018 783 2104 aliquanto
800 2030 939 2104 superet.
969 2018 1132 2083 Nonnulla
1149 2019 1254 2083 minus

186 2137 261 2210 apte
294 2127 448 2190 videntur
482 2125 723 2211 excogitata²⁸).
769 2125 855 2191 Vide
888 2128 976 2190 enim
1015 2149 1113 2212 quam
1141 2125 1254 2190 stolide

186 2245 258 2320 post
296 2232 442 2318 Psychae
481 2235 660 2297 orationem
698 2233 751 2316 (V.
785 2235 842 2315 34)
871 2234 1079 2299 continuetur
1111 2235 1254 2298 narratio

188 2341 241 2426 (V.
268 2339 339 2415 35l:
379 2342 436 2422 ,sic
475 2340 603 2425 profata
631 2342 725 2426 virgo
754 2341 911 2405 conticuit
947 2342 1162 2427 ingressuque
1189 2342 1254 2405 iam

188 2446 297 2512 valido
320 2470 457 2533 pompae
479 2470 549 2512 sese
573 2449 723 2512 miscuit!
756 2448 886 2512 Deinde
909 2449 1001 2513 initio
1025 2447 1154 2512 fabulae
1176 2448 1254 2534 legi-

189 2578 262 2618 mus
286 2553 355 2634 (IV.
381 2557 450 2640 32):
475 2556 570 2637 ‚duae
594 2557 732 2620 maiores
756 2577 880 2619 sorores
905 2604 911 2617 .
936 2607 943 2621 .
969 2606 974 2618 .
1000 2557 1108 2640 procis
1122 2555 1255 2641 regibus

189 2662 369 2746 desponsae
393 2664 459 2725 iam
481 2662 594 2726 beatas
610 2664 740 2748 nuptias
755 2662 918 2747 adeptae‘3
942 2663 977 2725 in
993 2661 1068 2726 libri
1080 2664 1122 2727 V.
1147 2674 1257 2727 autem

189 2791 259 2853 cap.
283 2769 343 2832 IX.
374 2777 531 2852 extremo,
555 2769 596 2832 X.
625 2772 759 2834 ineunte
787 2768 945 2853 Apuleius
974 2767 1042 2854 (vel
1065 2770 1111 2849 X)
1134 2771 1170 2833 id
1193 2792 1258 2834 om-

188 2881 266 2938 nino
299 2875 417 2940 oblitus
453 2887 510 2942 est.
556 2878 608 2941 Ita
631 2900 691 2962 per
714 2887 815 2942 totam
838 2875 983 2940 fabulam
1006 2897 1058 2940 res
1083 2878 1203 2963 optime
1227 2887 1259 2942 et

189 2981 295 3045 minus
327 2981 411 3045 hene
446 2984 603 3048 confictae
638 2994 821 3049 occurrunt.
869 2982 976 3064 Quam
999 2984 1134 3070 pulchre
1156 2985 1258 3050 Amor

191 3087 338 3152 illuditur
361 3090 471 3154 verbis
493 3089 544 3153 his
568 3090 636 3172 (IV.
655 3093 725 3173 30):
749 3114 972 3177 ,corrumpens
988 3094 1132 3158 omnium
1147 3094 1256 3158 matri-

189 3196 298 3259 monia
330 3197 463 3280 impune
492 3198 665 3262 committit
691 3207 782 3263 tanta
809 3199 935 3283 flagitia
963 3209 996 3264 et
1019 3199 1101 3263 nihil
1123 3222 1256 3284 prorsus

115 3373 117 3378 ,
185 3301 263 3366 boni
293 3301 397 3386 facit‘,
427 3325 526 3390 quam
549 3305 693 3369 suaviter
720 3304 866 3391 Psychae
897 3304 947 3371 his
971 3305 1015 3393 (V
1015 3307 1041 3370 Ι.
1065 3308 1134 3388 20):
1170 3328 1258 3388 ‚ecce

138 3407 142 3414 '
189 3410 301 3492 inepta
334 3433 394 3494 ego
427 3410 556 3476 divinae
584 3411 816 3477 formonsitatis
838 3412 966 3498 gerula,
991 3434 1075 3499 quae
1100 3436 1161 3478 nec
1186 3423 1255 3478 tan-

276 3656 321 3721 27)
339 3654 487 3726 Imprimis
512 3652 567 3723 IV,
595 3658 642 3710 28:
674 3656 760 3713 deam
786 3675 875 3730 quam
903 3661 1050 3717 caemlum
1077 3660 1256 3733 profundum

186 3743 282 3814 pelagi
300 3744 417 3817 peperit
435 3747 465 3799 et
477 3760 526 3800 ros
539 3744 741 3817 spumantium
752 3746 897 3806 fluctuum
910 3751 1046 3807 educarit
1058 3751 1118 3806 iam
1129 3750 1257 3806 numinis

187 3831 232 3885 sui
250 3833 362 3902 passim
380 3833 491 3890 tributa
512 3834 600 3890 venia
620 3834 651 3890 in
673 3835 777 3894 mediis
802 3839 967 3896 conversari
990 3839 1092 3913 populi
1116 3840 1257 3908 coetibus,

163 3997 166 4004 Ι
186 3918 232 3974 vel
251 3923 329 3976 certe
347 3938 464 3978 rursum
481 3939 558 3980 novo
577 3923 746 3981 caelestium
767 3927 1061 3999 stillarumgermine
1082 3945 1143 3985 non
1166 3929 1258 3984 meris

187 4008 239 4063 sed
257 4012 350 4066 terras
363 4010 506 4069 Venerem
524 4013 611 4069 eliam
623 4014 758 4086 virginali
775 4017 848 4073 flore
866 4018 1030 4089 praeditam
1047 4018 1215 4092 pullulasse.

275 4098 321 4170 28)
340 4098 405 4155 Non
423 4101 488 4158 dico
508 4101 545 4158 de
563 4104 851 4163 annominetionibus
871 4109 1034 4181 ceterisque
1056 4108 1170 4179 frigidis
1191 4107 1257 4163 rhe-

185 4194 283 4245 torum
301 4187 444 4257 urtificiis3
463 4188 620 4263 dequibus
633 4193 668 4248 of.
681 4211 710 4265 p.
724 4195 758 4250 61
779 4211 831 4266 sq„
851 4196 904 4251 sed
917 4197 952 4253 cf.
966 4197 1178 4269 discrepantias
1197 4213 1256 4267 eas,

186 4293 259 4346 quas
277 4276 404 4333 indicavi
423 4294 520 4352 supra.
539 4298 568 4354 p.
588 4283 620 4336 11
633 4298 697 4353 sqq.
717 4283 753 4338 38
763 4299 806 4355 sq.
