2896 5054
611 469 830 533 ,68-

184 646 218 723 in
233 643 344 708 fabula
359 643 541 729 Apuleiana
556 643 705 729 Psychae
723 645 809 709 salus
826 646 919 711 nobis
934 668 1032 710 curae
1047 657 1106 730 cst,
1122 647 1253 713 Amoris

184 752 293 816 dolore
307 751 475 832 afficimur,
489 751 628 815 Veneris
641 751 868 818 crudelitatem
880 776 977 838 aegre
989 753 1128 820 ferimus.
1146 755 1253 836 Quam

184 860 377 923 narrationis
411 858 684 944 pulchritudinem
719 861 878 946 imprimis
911 861 1045 926 fluxisse
1082 885 1100 926 e
1132 861 1254 927 fabella

183 965 332 1053 populari
363 988 428 1030 non
460 989 558 1052 nego,
592 967 649 1031 sed
681 991 733 1032 res
766 991 847 1053 quas
874 969 907 1031 X
940 969 982 1033 ad
1012 969 1254 1033 similitudinem

183 1085 350 1160 poctarum
366 1072 661 1139 Alexandrinorum
678 1078 858 1141 carminum
873 1076 978 1158 finxit,
995 1076 1175 1141 identidem
1186 1099 1254 1141 non

183 1184 288 1246 minus
313 1181 394 1246 bene
418 1183 571 1247 videntur
592 1184 705 1247 iactae.
753 1184 882 1248 Deinde
911 1183 972 1248 hoc
1000 1206 1129 1269 quoque
1157 1184 1254 1249 modo

183 1289 329 1374 Psychae
346 1289 583 1376 Cupidinisque
598 1289 742 1355 fabulam
758 1290 857 1355 multo
882 1300 956 1354 ante
972 1289 1092 1376 Apulei
1107 1300 1255 1376 tempora

184 1398 338 1482 scriptam
371 1420 439 1461 esse
472 1398 640 1462 ostendere
675 1420 850 1483 possumus.
897 1397 1004 1462 Antea
1038 1399 1118 1461 viris
1151 1398 1255 1463 doctis

184 1527 374 1589 persuasum
408 1517 479 1573 erat
515 1506 684 1591 scriptores
719 1507 856 1570 eroticos
892 1504 1035 1569 Graecos
1063 1502 1255 1594 ¹fabularum

184 1623 376 1697 argumenta
392 1623 499 1676 mente
516 1613 699 1698 confingere
706 1613 730 1696 ²)
755 1611 863 1676 solitos
879 1635 962 1696 ess03
987 1613 1145 1696 proximis
1162 1614 1256 1676 annis

184 1719 245 1783 hoc
283 1720 375 1784 initio
414 1718 597 1783 fabularum
636 1719 799 1784 rhetorum
832 1720 1059 1783 amatoriarum
1088 1721 1255 1804 proprium

184 1847 247 1889 uon
263 1848 334 1890 esse
349 1826 529 1891 didicimus.
569 1824 842 1890 Verisimillimam
859 1828 945 1890 enirn
961 1825 1044 1889 duco
1063 1825 1253 1911 Wilkenii³)

185 1934 403 1998 coniecturam
435 1933 532 1997 hanc:
557 1925 574 2000 ‘.
602 1983 609 1996 .
634 1982 640 1994 .
668 1933 720 2022 die
745 1933 881 1998 altesten
912 1932 1156 2017 selbstaudigen
1187 1955 1256 1997 ero·

185 2040 311 2104 tischen
333 2040 564 2126 Erzahlungen
587 2041 622 2104 in
638 2040 747 2121 Proca,
772 2041 871 2105 deren
888 2040 1008 2104 Kunde
1030 2061 1090 2102 uns
1106 2038 1256 2104 verloron

184 2146 240 2229 ist,
270 2146 376 2211 haben
407 2148 476 2212 sich
504 2146 671 2212 vielleicht
699 2146 869 2212 inhaltlich
899 2147 981 2210 noch
1010 2169 1110 2231 enger
1137 2169 1180 2210 an
1204 2145 1257 2209 die

185 2253 303 2338 Sagen,
318 2255 381 2318 wie
398 2255 443 2317 sie
458 2255 492 2317 in
508 2254 565 2318 der
581 2252 839 2320 hellenistischen
855 2253 1025 2338 Dichtung
1040 2252 1107 2316 und
1124 2253 1257 2317 andrer·

186 2363 261 2424 scits
284 2360 499 2447 gelegentlich
523 2384 587 2426 von
610 2361 674 2426 den
689 2361 900 2427 Historikern
916 2361 1120 2425 ‘verarbeitet
1134 2375 1256 2441 waren,

186 2467 445 2552 angeschlossen‚
469 2467 521 2532 bei
547 2470 609 2532 den
626 2468 786 2553 Spateren
808 2470 850 2532 ist
874 2468 960 2532 daun
986 2467 1043 2530 das
1060 2465 1256 2552 Sagenhafte
1358 2530 1361 2537 ,

103 2609 106 2616 ·
186 2577 301 2640 immer
317 2574 407 2639 mehr
425 2575 675 2661 geschwunden‚
691 2574 742 2639 bis
756 2575 875 2639 zuletzt
890 2597 952 2638 nur
967 2573 1050 2638 noch
1067 2574 1119 2637 die
1130 2573 1257 2637 Namen

186 2682 316 2746 auden
344 2683 614 2769 urspr‘uuglichen
642 2682 924 2768 Ausgangspunkt
954 2674 1158 2744 erinnerten.'
1205 2678 1257 2742 lta
1319 2703 1324 2710 ·

186 2787 321 2852 Achillis
342 2789 417 2853 Tati
432 2789 638 2880 Λευκίππη,
663 2789 847 2855 Charitonis
865 2785 1060 2874 Καλλιρρόη,
1084 2785 1255 2871 fragmenti

187 2896 293 2964 Berol.
318 2895 526 2987 Παρθενόπη
543 2896 712 2985 (Wilcken
727 2897 745 2962 l.
763 2895 805 2979 1.),
828 2896 934 2980 Longi
950 2891 1112 2982 Δάφνις4)
1129 2892 1257 2956 nomine

187 3014 313 3068 tantum
346 3002 530 3069 fabularum
563 3003 780 3090 mythicarum
815 3005 1003 3068 memoriam
1040 3002 1193 3083 afferunt3
1226 3004 1258 3061 iu

187 3116 296 3183 fabula
329 3116 486 3179 amatoria
518 3134 601 3199 quae
635 3121 684 3176 est
722 3112 762 3175 de
793 3111 878 3175 Nino
912 3110 1064 3197 (Hermes
1096 3105 1259 3195 XXVIII,

90 3234 93 3239 ‘
190 3229 251 3293 161
272 3227 356 3310 sqq.)
394 3223 574 3287 certissima
616 3219 753 3305 vestigia
790 3221 876 3304 regis
918 3215 1056 3280 fabulosi
1094 3215 1256 3279 exsistunt

278 3489 358 3557 Ml.
378 3488 478 3544 Rohde
497 3488 515 3544 l.
535 3488 551 3543 l.
571 3505 600 3559 p.
618 3489 680 3549 352,
701 3487 752 3540 sed
772 3485 807 3543 cf.
830 3479 983 3551 ‘Schmidt
1004 3476 1186 3538 Atticismus'
1206 3478 1259 3547 III,

189 3592 217 3654 p.
237 3583 262 3643 9,
282 3583 316 3636 14
336 3583 366 3634 et
381 3574 594 3645 ‘Wilamowita
613 3576 702 3636 Arist.
717 3593 743 3631 u.
757 3569 859 3631 Athen'
880 3573 918 3643 ll,
936 3574 969 3627 31
981 3588 1026 3643 sq.
1047 3575 1077 3626 et
1092 3564 1260 3636 ‘Schwarta

189 3670 268 3726 Fons
284 3670 424 3740 Vortrtge
443 3668 517 3722 iiber
529 3666 585 3721 den
604 3665 803 3737 griechischen
816 3657 934 3719 Roman’
955 3660 1046 3716 Berol.
1062 3661 1139 3716 1896.
1159 3673 1189 3728 p.
1201 3658 1259 3712 143.

279 3762 307 3826 3)
326 3759 360 3813 cf.
379 3753 499 3814 ‘Archiv
518 3756 566 3810 fiir
584 3749 880 3826 Papyrusforschung'
900 3751 922 3820 I,
942 3750 1034 3820 (1900)
1054 3766 1083 3820 p.
1103 3750 1164 3804 257.

280 3850 307 3920 4)
326 3847 443 3918 Longus
471 3860 530 3900 uno
558 3844 621 3900 loco
649 3842 836 3915 pulcherrimi
867 3841 943 3895 illius
969 3837 1063 3909 mythi
1089 3835 1261 3893 memoriam

191 3943 302 3993 movet:
320 3945 346 3995 F.
357 3939 399 3999 10,
411 3938 440 3990 4:
455 3936 570 3989 δέδοικα
579 3929 619 4006 μὴ
634 3928 686 4003 ἐγὼ
699 3928 753 4003 πρὸ
766 3924 867 3998 ταύτης
882 3931 944 3996 «τῆς
951 3922 1061 3999 χιόνος»
1078 3928 1158 3980 suad.
1178 3926 1262 3980 Com·

191 4044 277 4100 pares
296 4043 363 4083 cum
381 4026 427 4081 his
444 4025 541 4081 verbis
560 4023 708 4079 Theocriti
725 4037 828 4076 versus
846 4020 885 4075 id.
904 4019 926 4081 1,
948 4020 1009 4074 14οε
1028 4011 1070 4087 χὼ
1083 4012 1194 4086 Δάφνις
1211 4015 1261 4081 ἔβα

194 4113 257 4187 ῥόον
276 4120 306 4171 et
323 4116 361 4172 id.
382 4114 444 4183 VII,
465 4117 507 4171 76.
532 4106 591 4167 εἶτε·
613 4107 753 4183 «Δάφνις»
777 4106 848 4180 χιὼν
866 4102 946 4168 (ὅστις
970 4099 1132 4161 antevelasse
1154 4098 1262 4176 μακρὸν

195 4201 240 4276 r‘up'
259 4201 362 4278 Αἰμον.
