2896 5054
666 477 886 539 ..44-

203 692 210 711 .
237 649 306 714 dini
333 653 563 736 imperantem,
594 661 629 714 ut
652 651 781 736 puellae
805 652 975 716 euiuadam
998 674 1141 717 amorem
1164 653 1228 719 telo
1251 677 1310 720 auo

237 759 371 840 excitet,
393 756 591 842 Cupidinem
615 759 712 822 matri
735 758 819 830 male
844 768 1022 843 parentem,
1046 757 1230 844 Apollinem
1253 760 1311 824 ob·

237 887 330 929 sauro
369 863 493 928 oraculi
532 865 638 928 edicte
670 865 797 950 puellae
829 866 960 929 auidam
991 865 1166 930 infaustam
1190 875 1312 930 sortem
1390 886 1392 890 ·

237 971 481 1056 praedicentem
506 1008 547 1018 —-
572 971 655 1035 haee
687 974 796 1036 omnia
825 991 962 1058 quorum
985 972 1066 1036 nihil
1088 974 1123 1035 in
1146 972 1211 1036 ulla
1235 992 1313 1058 eog-

191 1426 211 1627 l

207 1635 215 1707 l

238 1088 317 1141 nata
351 1077 471 1142 fabella
498 1077 646 1163 populari
675 1078 820 1143 occurrit
848 1118 888 1126 -
917 1078 1055 1143 fabellae
1090 1078 1240 1164 populari
1276 1077 1314 1142 in

238 1183 423 1270 Apuleiana
446 1186 631 1248 narratione
653 1184 769 1249 latenti
791 1186 915 1249 invitae
939 1184 1192 1250 inculcabimua?

328 1290 422 1354 Haec
437 1290 479 1354 de
502 1290 624 1354 fabella
647 1291 806 1376 populari.
832 1293 930 1373 Quod
953 1295 980 1356 e'i
1005 1312 1209 1377 quaeremus,
1234 1316 1316 1379 quo-

239 1397 335 1461 modo
363 1397 487 1461 factum
516 1399 571 1479 sit,
610 1407 646 1461 ut
673 1397 826 1462 fabellam
854 1398 1043 1483 popularem
1067 1400 1102 1462 in
1125 1402 1316 1466 narratione

239 1504 423 1590 Apuleiana
450 1506 556 1569 inesse
584 1527 643 1589 per
674 1505 807 1590 longum
831 1507 984 1590 temporis
1012 1506 1154 1589 spatium
1177 1526 1242 1570 non
1266 1508 1315 1571 in·

240 1611 461 1696 tellegeretur:
501 1634 566 1677 non
598 1613 765 1678 levissima
798 1635 896 1677 causa
932 1634 973 1676 ea
1005 1623 1069 1694 eat,
1105 1611 1193 1698 quod
1225 1613 1317 1678 hand

240 1739 347 1803 panea
376 1717 418 1781 ab
442 1718 512 1800 illo,
541 1721 596 1804 qui
618 1721 718 1784 iatam'
739 1720 959 1783 narrationem
982 1719 1154 1783 contexuit
1178 1756 1220 1764 -
1244 1721 1316 1783 sive

242 1835 290 1906 eat
305 1823 464 1910 Apuleius
488 1827 557 1889 aive
580 1847 646 1890 non
670 1835 731 1910 eat,
758 1825 923 1911 appellare
944 1824 1024 1888 libet
1039 1844 1114 1888 aum
1130 1824 1164 1887 X
1182 1860 1222 1871 -
1240 1844 1314 1890 enm

241 1930 363 1994 sabella
391 1931 540 2017 populari
563 1934 611 1996 ita
633 1934 668 1996 in
689 1954 793 1996 unum
818 1932 952 1996 confusa
975 1942 1062 2013 eunt,
1095 1942 1131 1994 ut
1155 1952 1253 1995 sonus
1276 1953 1316 1995 ae

242 2048 340 2102 tenor.
357 2037 495 2102 fabellae
519 2038 682 2123 popularia
706 2060 770 2102 non
794 2040 907 2119 omnis,
932 2038 988 2102 sed
1003 2039 1148 2101 maxima
1162 2057 1205 2101 ex
1221 2050 1317 2122 parte

179 2185 181 2190 ·
243 2145 480 2230 exploderetur.
537 2145 662 2225 Quodsi
690 2144 966 2227 examinabimus,
998 2166 1093 2229 quem
1117 2144 1318 2208 admodum

242 2251 295 2315 vel
325 2251 368 2314 ad
396 2273 532 2336 quorum
562 2251 784 2336 exemplorum
808 2251 1053 2315 similitudinem
1072 2250 1191 2314 fabella
1213 2271 1319 2336 popu·

243 2358 319 2422 laris
344 2357 386 2422 ab
410 2357 463 2420 illo
488 2355 521 2420 X
544 2359 715 2421 immutata
738 2359 788 2431 sit,
813 2357 1034 2444 quaerendum
1056 2355 1151 2421 nobie
1176 2369 1225 2420 eat
1242 2378 1320 2420 enm

244 2466 285 2529 de
301 2464 476 2548 Cupidine,
501 2465 541 2528 de
563 2464 700 2545 Venere,
725 2465 765 2528 de
789 2464 905 2528 cetaria
928 2464 978 2528 dis
1002 2473 1071 2527 tum
1098 2464 1139 2527 de
1161 2463 1208 2526 eis
1224 2461 1319 2527 fabu·

243 2570 282 2634 lie
306 2592 390 2655 quae
414 2591 488 2633 eum
512 2570 643 2634 fabulae
665 2570 868 2655 Apuleianae
891 2591 1038 2635 sermone
1062 2591 1160 2654 quam
1176 2570 1318 2632 maxime

245 2682 445 2762 aongruunt:
471 2678 512 2742 de
536 2676 655 2742 fabulis
679 2677 879 2742 Graecorum
902 2676 1170 2742 Romanenaibua
