<?xml version="1.0" encoding="UTF-8"?>
<!DOCTYPE html PUBLIC "-//W3C//DTD XHTML 1.0 Transitional//EN"
    "http://www.w3.org/TR/xhtml1/DTD/xhtml1-transitional.dtd">
<html xmlns="http://www.w3.org/1999/xhtml" xml:lang="en" lang="en">
 <head>
  <title>
</title>
<meta http-equiv="Content-Type" content="text/html;charset=utf-8" />
  <meta name='ocr-system' content='tesseract 3.04.00' />
  <meta name='ocr-capabilities' content='ocr_page ocr_carea ocr_par ocr_line ocrx_word'/>
</head>
<body>
  <div class='ocr_page' id='page_1' title='image "./defabulaapuleia00apulgoog_0063.png"; bbox 0 0 2896 5054; ppageno 0'>
   <div class='ocr_carea' id='block_1_1' title="bbox 683 473 903 536">
    <p class='ocr_par' dir='ltr' id='par_1_1' title="bbox 683 473 903 536">
     <span class='ocr_line' id='line_1_1' title="bbox 683 473 903 536; baseline 0 -19"><span class='ocrx_word' id='word_1_1' title='bbox 683 473 903 536; x_wconf 73' lang='grc'>,58-</span> 
     </span>
    </p>
   </div>
   <div class='ocr_carea' id='block_1_2' title="bbox 258 647 1338 1053">
    <p class='ocr_par' dir='ltr' id='par_1_2' title="bbox 258 647 1338 1053">
     <span class='ocr_line' id='line_1_2' title="bbox 261 647 1335 733; baseline 0.001 -20"><span class='ocrx_word' id='word_1_2' title='bbox 261 650 337 713; x_wconf 88' lang='lat' dir='ltr'>Jarn</span> <span class='ocrx_word' id='word_1_3' title='bbox 375 670 440 711; x_wconf 91' lang='lat' dir='ltr'>uon</span> <span class='ocrx_word' id='word_1_4' title='bbox 472 647 662 712; x_wconf 80' lang='lat' dir='ltr'><strong>mirabimur</strong></span> <span class='ocrx_word' id='word_1_5' title='bbox 691 648 776 733; x_wconf 89' lang='lat' dir='ltr'>quod</span> <span class='ocrx_word' id='word_1_6' title='bbox 806 669 866 711; x_wconf 93' lang='lat' dir='ltr'>nec</span> <span class='ocrx_word' id='word_1_7' title='bbox 893 650 1032 732; x_wconf 88' lang='lat' dir='ltr'>pictores</span> <span class='ocrx_word' id='word_1_8' title='bbox 1066 671 1127 714; x_wconf 89' lang='lat' dir='ltr'>nec</span> <span class='ocrx_word' id='word_1_9' title='bbox 1151 649 1335 733; x_wconf 88' lang='lat' dir='ltr'>sculptores</span> 
     </span>
     <span class='ocr_line' id='line_1_3' title="bbox 261 753 1333 841; baseline 0 -23"><span class='ocrx_word' id='word_1_10' title='bbox 261 756 468 840; x_wconf 88' lang='lat' dir='ltr'>antiquorum</span> <span class='ocrx_word' id='word_1_11' title='bbox 491 765 671 838; x_wconf 91' lang='lat' dir='ltr'>temporum</span> <span class='ocrx_word' id='word_1_12' title='bbox 696 753 855 839; x_wconf 88' lang='lat' dir='ltr'>Psycham</span> <span class='ocrx_word' id='word_1_13' title='bbox 873 753 1128 841; x_wconf 78' lang='lat' dir='ltr'>Cupidinemque</span> <span class='ocrx_word' id='word_1_14' title='bbox 1152 756 1195 819; x_wconf 89' lang='lat' dir='ltr'>ad</span> <span class='ocrx_word' id='word_1_15' title='bbox 1218 755 1333 819; x_wconf 91' lang='lat' dir='ltr'>simili·</span> 
     </span>
     <span class='ocr_line' id='line_1_4' title="bbox 259 860 1338 926; baseline 0.001 -1"><span class='ocrx_word' id='word_1_16' title='bbox 259 860 407 926; x_wconf 84' lang='lat' dir='ltr'>tudinem</span> <span class='ocrx_word' id='word_1_17' title='bbox 430 860 561 925; x_wconf 80' lang='lat' dir='ltr'>iabulae</span> <span class='ocrx_word' id='word_1_18' title='bbox 585 871 714 925; x_wconf 88' lang='lat' dir='ltr'>nostrae</span> <span class='ocrx_word' id='word_1_19' title='bbox 748 862 924 925; x_wconf 82' lang='lat' dir='ltr'>amatoriae</span> <span class='ocrx_word' id='word_1_20' title='bbox 948 860 1195 926; x_wconf 81' lang='lat' dir='ltr'>adumbrabant.</span> <span class='ocrx_word' id='word_1_21' title='bbox 1246 861 1338 926; x_wconf 89' lang='lat' dir='ltr'>Nam</span> 
     </span>
     <span class='ocr_line' id='line_1_5' title="bbox 258 967 1332 1053; baseline 0.001 -22"><span class='ocrx_word' id='word_1_22' title='bbox 258 967 339 1032; x_wconf 88' lang='lat' dir='ltr'>tales</span> <span class='ocrx_word' id='word_1_23' title='bbox 369 968 572 1031; x_wconf 65' lang='lat' dir='ltr'>narrationes</span> <span class='ocrx_word' id='word_1_24' title='bbox 594 969 628 1031; x_wconf 94' lang='lat' dir='ltr'>in</span> <span class='ocrx_word' id='word_1_25' title='bbox 653 989 830 1051; x_wconf 91' lang='lat' dir='ltr'>paucorum</span> <span class='ocrx_word' id='word_1_26' title='bbox 854 968 1002 1032; x_wconf 86' lang='lat' dir='ltr'>notitiam</span> <span class='ocrx_word' id='word_1_27' title='bbox 1024 969 1233 1053; x_wconf 87' lang='lat' dir='ltr'>perferuntur</span> <span class='ocrx_word' id='word_1_28' title='bbox 1265 990 1332 1032; x_wconf 90' lang='lat' dir='ltr'>nec</span> 
     </span>
    </p>
   </div>
   <div class='ocr_carea' id='block_1_3' title="bbox 261 1073 1335 1262">
    <p class='ocr_par' dir='ltr' id='par_1_3' title="bbox 261 1073 1335 1262">
     <span class='ocr_line' id='line_1_6' title="bbox 261 1073 1335 1162; baseline 0.001 -24"><span class='ocrx_word' id='word_1_29' title='bbox 261 1074 380 1159; x_wconf 87' lang='lat' dir='ltr'>dignae</span> <span class='ocrx_word' id='word_1_30' title='bbox 405 1097 475 1138; x_wconf 88' lang='lat' dir='ltr'>esse</span> <span class='ocrx_word' id='word_1_31' title='bbox 492 1073 604 1156; x_wconf 83' lang='lat' dir='ltr'>solent,</span> <span class='ocrx_word' id='word_1_32' title='bbox 629 1074 746 1159; x_wconf 91' lang='lat' dir='ltr'>quibus</span> <span class='ocrx_word' id='word_1_33' title='bbox 761 1076 973 1158; x_wconf 85' lang='lat' dir='ltr'>posteriorum</span> <span class='ocrx_word' id='word_1_34' title='bbox 991 1098 1118 1162; x_wconf 90' lang='lat' dir='ltr'>quoque</span> <span class='ocrx_word' id='word_1_35' title='bbox 1128 1073 1335 1140; x_wconf 88' lang='lat' dir='ltr'>saeculorum</span> 
     </span>
     <span class='ocr_line' id='line_1_7' title="bbox 261 1179 686 1262; baseline 0.005 -19"><span class='ocrx_word' id='word_1_36' title='bbox 261 1180 407 1244; x_wconf 89' lang='lat' dir='ltr'>homines</span> <span class='ocrx_word' id='word_1_37' title='bbox 431 1179 686 1262; x_wconf 85' lang='lat' dir='ltr'>delectentur¹³).</span> 
     </span>
    </p>
   </div>
   <div class='ocr_carea' id='block_1_4' title="bbox 216 1285 1335 1605">
    <p class='ocr_par' dir='ltr' id='par_1_4' title="bbox 216 1285 1335 1605">
     <span class='ocr_line' id='line_1_8' title="bbox 216 1285 1334 1373; baseline 0.007 -25"><span class='ocrx_word' id='word_1_38' title='bbox 216 1316 218 1321; x_wconf 50' lang='lat'><strong><em>¹</em></strong></span> <span class='ocrx_word' id='word_1_39' title='bbox 351 1285 488 1350; x_wconf 90' lang='lat' dir='ltr'>Duabus</span> <span class='ocrx_word' id='word_1_40' title='bbox 513 1286 653 1372; x_wconf 90' lang='lat' dir='ltr'>denique</span> <span class='ocrx_word' id='word_1_41' title='bbox 682 1287 780 1351; x_wconf 89' lang='lat' dir='ltr'>rebus</span> <span class='ocrx_word' id='word_1_42' title='bbox 804 1288 946 1352; x_wconf 91' lang='lat' dir='ltr'>narratio</span> <span class='ocrx_word' id='word_1_43' title='bbox 969 1287 1153 1373; x_wconf 81' lang='lat' dir='ltr'>Apuleiana</span> <span class='ocrx_word' id='word_1_44' title='bbox 1175 1291 1334 1356; x_wconf 86' lang='lat' dir='ltr'>notabilis</span> 
     </span>
     <span class='ocr_line' id='line_1_9' title="bbox 216 1324 1331 1511; baseline 0.004 -53"><span class='ocrx_word' id='word_1_45' title='bbox 216 1324 227 1511; x_wconf 57' lang='lat' dir='ltr'>l</span> <span class='ocrx_word' id='word_1_46' title='bbox 260 1405 318 1477; x_wconf 88' lang='lat' dir='ltr'>est,</span> <span class='ocrx_word' id='word_1_47' title='bbox 344 1393 536 1480; x_wconf 78' lang='lat' dir='ltr'>quibusoam</span> <span class='ocrx_word' id='word_1_48' title='bbox 560 1416 621 1458; x_wconf 94' lang='lat' dir='ltr'>nec</span> <span class='ocrx_word' id='word_1_49' title='bbox 646 1395 825 1457; x_wconf 85' lang='lat' dir='ltr'>carminum</span> <span class='ocrx_word' id='word_1_50' title='bbox 840 1403 1009 1478; x_wconf 67' lang='lat' dir='ltr'>poetarum</span> <span class='ocrx_word' id='word_1_51' title='bbox 1027 1394 1331 1463; x_wconf 85' lang='lat' dir='ltr'>Alexandrinorum</span> 
     </span>
     <span class='ocr_line' id='line_1_10' title="bbox 224 1499 1335 1605; baseline 0.005 -41"><span class='ocrx_word' id='word_1_52' title='bbox 224 1514 231 1605; x_wconf 54' lang='lat' dir='ltr'>p</span> <span class='ocrx_word' id='word_1_53' title='bbox 261 1523 322 1564; x_wconf 89' lang='lat' dir='ltr'>uec</span> <span class='ocrx_word' id='word_1_54' title='bbox 350 1499 533 1564; x_wconf 87' lang='lat' dir='ltr'>fabularum</span> <span class='ocrx_word' id='word_1_55' title='bbox 556 1500 807 1564; x_wconf 88' lang='lat' dir='ltr'>Romanensium</span> <span class='ocrx_word' id='word_1_56' title='bbox 839 1499 926 1564; x_wconf 89' lang='lat' dir='ltr'>locos</span> <span class='ocrx_word' id='word_1_57' title='bbox 945 1522 1133 1586; x_wconf 87' lang='lat' dir='ltr'>comparare</span> <span class='ocrx_word' id='word_1_58' title='bbox 1155 1505 1335 1588; x_wconf 89' lang='lat' dir='ltr'>possimus:</span> 
     </span>
    </p>
   </div>
   <div class='ocr_carea' id='block_1_5' title="bbox 232 1604 1331 1799">
    <p class='ocr_par' dir='ltr' id='par_1_5' title="bbox 232 1604 1331 1799">
     <span class='ocr_line' id='line_1_11' title="bbox 261 1604 1331 1693; baseline 0.005 -22"><span class='ocrx_word' id='word_1_59' title='bbox 261 1607 418 1693; x_wconf 85' lang='lat' dir='ltr'>Apuleius</span> <span class='ocrx_word' id='word_1_60' title='bbox 457 1607 677 1692; x_wconf 83' lang='lat' dir='ltr'>compluribus</span> <span class='ocrx_word' id='word_1_61' title='bbox 709 1607 787 1671; x_wconf 90' lang='lat' dir='ltr'>locis</span> <span class='ocrx_word' id='word_1_62' title='bbox 814 1604 897 1670; x_wconf 77' lang='lat' dir='ltr'>&#39;deos</span> <span class='ocrx_word' id='word_1_63' title='bbox 929 1607 1043 1672; x_wconf 89' lang='lat' dir='ltr'>irridet</span> <span class='ocrx_word' id='word_1_64' title='bbox 1073 1619 1104 1672; x_wconf 87' lang='lat' dir='ltr'>et</span> <span class='ocrx_word' id='word_1_65' title='bbox 1128 1611 1161 1673; x_wconf 94' lang='lat' dir='ltr'>in</span> <span class='ocrx_word' id='word_1_66' title='bbox 1185 1612 1331 1676; x_wconf 88' lang='lat' dir='ltr'>civitatis</span> 
     </span>
     <span class='ocr_line' id='line_1_12' title="bbox 232 1658 1214 1799; baseline 0.005 -22"><span class='ocrx_word' id='word_1_67' title='bbox 232 1658 429 1797; x_wconf 75' lang='lat' dir='ltr'>lRomanae</span> <span class='ocrx_word' id='word_1_68' title='bbox 453 1715 601 1779; x_wconf 89' lang='lat' dir='ltr'>instituta</span> <span class='ocrx_word' id='word_1_69' title='bbox 625 1736 664 1777; x_wconf 88' lang='lat' dir='ltr'>ac</span> <span class='ocrx_word' id='word_1_70' title='bbox 687 1712 775 1799; x_wconf 83' lang='lat' dir='ltr'>leges</span> <span class='ocrx_word' id='word_1_71' title='bbox 794 1714 927 1777; x_wconf 89' lang='lat' dir='ltr'>iocatur.</span> <span class='ocrx_word' id='word_1_72' title='bbox 975 1713 1057 1779; x_wconf 82' lang='lat' dir='ltr'>Sunt</span> <span class='ocrx_word' id='word_1_73' title='bbox 1079 1714 1113 1777; x_wconf 90' lang='lat' dir='ltr'>bi</span> <span class='ocrx_word' id='word_1_74' title='bbox 1135 1714 1214 1782; x_wconf 90' lang='lat' dir='ltr'>loci:</span> 
     </span>
    </p>
   </div>
   <div class='ocr_carea' id='block_1_6' title="bbox 262 1849 1344 4054">
    <p class='ocr_par' dir='ltr' id='par_1_6' title="bbox 262 1849 1344 4054">
     <span class='ocr_line' id='line_1_13' title="bbox 298 1849 1333 1928; baseline 0.005 -21"><span class='ocrx_word' id='word_1_75' title='bbox 298 1855 330 1922; x_wconf 89' lang='lat' dir='ltr'>V,</span> <span class='ocrx_word' id='word_1_76' title='bbox 340 1857 383 1911; x_wconf 74' lang='lat'>25.</span> <span class='ocrx_word' id='word_1_77' title='bbox 402 1849 697 1909; x_wconf 81' lang='lat' dir='ltr'>Puellascitula‘sum</span> <span class='ocrx_word' id='word_1_78' title='bbox 705 1854 768 1924; x_wconf 91' lang='lat' dir='ltr'>qui·</span> <span class='ocrx_word' id='word_1_79' title='bbox 856 1851 910 1920; x_wconf 82' lang='grc' dir='ltr'>Ν,</span> <span class='ocrx_word' id='word_1_80' title='bbox 939 1854 980 1908; x_wconf 84' lang='grc'>32.</span> <span class='ocrx_word' id='word_1_81' title='bbox 1019 1854 1121 1926; x_wconf 78' lang='lat' dir='ltr'>Apollo</span> <span class='ocrx_word' id='word_1_82' title='bbox 1159 1872 1333 1928; x_wconf 81' lang='lat' dir='ltr'>quenquam</span> 
     </span>
     <span class='ocr_line' id='line_1_14' title="bbox 262 1936 1338 2013; baseline 0.002 -15"><span class='ocrx_word' id='word_1_83' title='bbox 262 1945 329 1998; x_wconf 87' lang='lat' dir='ltr'>dem</span> <span class='ocrx_word' id='word_1_84' title='bbox 347 1943 513 1998; x_wconf 82' lang='lat' dir='ltr'>rusticanus</span> <span class='ocrx_word' id='word_1_85' title='bbox 533 1946 563 1997; x_wconf 87' lang='lat' dir='ltr'>et</span> <span class='ocrx_word' id='word_1_86' title='bbox 580 1942 670 2013; x_wconf 90' lang='lat' dir='ltr'>upilio</span> <span class='ocrx_word' id='word_1_87' title='bbox 694 1982 700 1995; x_wconf 92' lang='lat'><em>.</em></span> <span class='ocrx_word' id='word_1_88' title='bbox 720 1982 727 1995; x_wconf 87' lang='lat'><strong>.</strong></span> <span class='ocrx_word' id='word_1_89' title='bbox 747 1936 766 2000; x_wconf 76' lang='lat'>,²</span> <span class='ocrx_word' id='word_1_90' title='bbox 823 1941 950 1997; x_wconf 85' lang='lat' dir='ltr'>Graecus</span> <span class='ocrx_word' id='word_1_91' title='bbox 969 1945 999 1997; x_wconf 90' lang='lat' dir='ltr'>et</span> <span class='ocrx_word' id='word_1_92' title='bbox 1011 1942 1132 1999; x_wconf 87' lang='lat' dir='ltr'>Jonicus</span> <span class='ocrx_word' id='word_1_93' title='bbox 1152 1985 1157 1996; x_wconf 94' lang='lat'><em>.</em></span> <span class='ocrx_word' id='word_1_94' title='bbox 1179 1988 1184 2000; x_wconf 94' lang='lat'><em>.</em></span> <span class='ocrx_word' id='word_1_95' title='bbox 1204 1990 1211 2003; x_wconf 90' lang='lat'><strong>.</strong></span> <span class='ocrx_word' id='word_1_96' title='bbox 1231 1945 1275 2001; x_wconf 84' lang='lat' dir='ltr'>sic</span> <span class='ocrx_word' id='word_1_97' title='bbox 1294 1945 1338 2000; x_wconf 77' lang='lat' dir='ltr'>le·</span> 
     </span>
     <span class='ocr_line' id='line_1_15' title="bbox 297 2029 1162 2102; baseline 0.005 -17"><span class='ocrx_word' id='word_1_98' title='bbox 297 2030 331 2097; x_wconf 91' lang='lat' dir='ltr'>V,</span> <span class='ocrx_word' id='word_1_99' title='bbox 344 2032 388 2086; x_wconf 83' lang='lat'>28.</span> <span class='ocrx_word' id='word_1_100' title='bbox 408 2029 493 2097; x_wconf 77' lang='lat' dir='ltr'>Quod</span> <span class='ocrx_word' id='word_1_101' title='bbox 502 2030 549 2084; x_wconf 87' lang='lat' dir='ltr'>ille</span> <span class='ocrx_word' id='word_1_102' title='bbox 560 2031 679 2101; x_wconf 87' lang='lat' dir='ltr'>quidem</span> <span class='ocrx_word' id='word_1_103' title='bbox 688 2047 767 2086; x_wconf 90' lang='lat' dir='ltr'>mon·</span> <span class='ocrx_word' id='word_1_104' title='bbox 822 2030 885 2085; x_wconf 81' lang='lat' dir='ltr'>tina</span> <span class='ocrx_word' id='word_1_105' title='bbox 904 2034 982 2086; x_wconf 80' lang='lat' dir='ltr'>sorte</span> <span class='ocrx_word' id='word_1_106' title='bbox 1001 2032 1162 2102; x_wconf 85' lang='lat' dir='ltr'>respondit.</span> 
     </span>
     <span class='ocr_line' id='line_1_16' title="bbox 262 2117 1336 2193; baseline 0.004 -19"><span class='ocrx_word' id='word_1_107' title='bbox 262 2121 483 2176; x_wconf 78' lang='lat' dir='ltr'>tanoscortntu.</span> <span class='ocrx_word' id='word_1_108' title='bbox 496 2164 500 2175; x_wconf 95' lang='lat'><em>.</em></span> <span class='ocrx_word' id='word_1_109' title='bbox 513 2117 768 2173; x_wconf 76' lang='lat' dir='ltr'>,illudincremen</span> <span class='ocrx_word' id='word_1_110' title='bbox 858 2117 907 2187; x_wconf 87' lang='lat' dir='ltr'>IV,</span> <span class='ocrx_word' id='word_1_111' title='bbox 926 2121 969 2176; x_wconf 84' lang='lat'>33.</span> <span class='ocrx_word' id='word_1_112' title='bbox 991 2161 995 2172; x_wconf 92' lang='lat'><em>.</em></span> <span class='ocrx_word' id='word_1_113' title='bbox 1012 2119 1195 2192; x_wconf 85' lang='lat' dir='ltr'>..luctuque</span> <span class='ocrx_word' id='word_1_114' title='bbox 1213 2122 1336 2193; x_wconf 89' lang='lat' dir='ltr'>publico</span> 
     </span>
     <span class='ocr_line' id='line_1_17' title="bbox 262 2207 1337 2278; baseline 0.004 -14"><span class='ocrx_word' id='word_1_115' title='bbox 262 2213 326 2264; x_wconf 88' lang='lat' dir='ltr'>tum</span> <span class='ocrx_word' id='word_1_116' title='bbox 344 2208 440 2263; x_wconf 86' lang='lat' dir='ltr'>lenam</span> <span class='ocrx_word' id='word_1_117' title='bbox 458 2224 505 2261; x_wconf 91' lang='lat' dir='ltr'>me</span> <span class='ocrx_word' id='word_1_118' title='bbox 523 2207 646 2278; x_wconf 85' lang='lat' dir='ltr'>putabit.</span> <span class='ocrx_word' id='word_1_119' title='bbox 824 2223 986 2277; x_wconf 79' lang='lat' dir='ltr'>congruens</span> <span class='ocrx_word' id='word_1_120' title='bbox 1000 2208 1124 2263; x_wconf 87' lang='lat' dir='ltr'>edicitur</span> <span class='ocrx_word' id='word_1_121' title='bbox 1132 2209 1279 2264; x_wconf 91' lang='lat' dir='ltr'>iustitium</span> <span class='ocrx_word' id='word_1_122' title='bbox 1291 2251 1297 2263; x_wconf 86' lang='lat'>.</span> <span class='ocrx_word' id='word_1_123' title='bbox 1311 2253 1337 2268; x_wconf 87' lang='lat'>..</span> 
     </span>
     <span class='ocr_line' id='line_1_18' title="bbox 298 2294 1338 2365; baseline 0.002 -15"><span class='ocrx_word' id='word_1_124' title='bbox 298 2296 332 2358; x_wconf 88' lang='lat' dir='ltr'>V,</span> <span class='ocrx_word' id='word_1_125' title='bbox 351 2299 393 2352; x_wconf 84' lang='lat'>29.</span> <span class='ocrx_word' id='word_1_126' title='bbox 418 2295 479 2351; x_wconf 84' lang='lat' dir='ltr'>Nec</span> <span class='ocrx_word' id='word_1_127' title='bbox 497 2311 544 2349; x_wconf 93' lang='lat' dir='ltr'>me</span> <span class='ocrx_word' id='word_1_128' title='bbox 557 2296 615 2348; x_wconf 87' lang='lat' dir='ltr'>iam</span> <span class='ocrx_word' id='word_1_129' title='bbox 628 2311 681 2365; x_wconf 90' lang='lat' dir='ltr'>per</span> <span class='ocrx_word' id='word_1_130' title='bbox 693 2298 770 2349; x_wconf 85' lang='lat' dir='ltr'>aeta·</span> <span class='ocrx_word' id='word_1_131' title='bbox 859 2295 893 2363; x_wconf 88' lang='lat' dir='ltr'>V,</span> <span class='ocrx_word' id='word_1_132' title='bbox 911 2298 955 2353; x_wconf 81' lang='lat'>26.</span> <span class='ocrx_word' id='word_1_133' title='bbox 975 2294 1051 2352; x_wconf 86' lang='lat' dir='ltr'>Toro</span> <span class='ocrx_word' id='word_1_134' title='bbox 1064 2313 1129 2351; x_wconf 87' lang='lat' dir='ltr'>meo</span> <span class='ocrx_word' id='word_1_135' title='bbox 1143 2297 1257 2352; x_wconf 85' lang='lat' dir='ltr'>divorte</span> <span class='ocrx_word' id='word_1_136' title='bbox 1269 2299 1338 2353; x_wconf 90' lang='lat' dir='ltr'>tibi-</span> 
     </span>
     <span class='ocr_line' id='line_1_19' title="bbox 266 2383 1338 2456; baseline 0.003 -16"><span class='ocrx_word' id='word_1_137' title='bbox 266 2390 326 2441; x_wconf 89' lang='lat' dir='ltr'>tem</span> <span class='ocrx_word' id='word_1_138' title='bbox 344 2400 432 2455; x_wconf 90' lang='lat' dir='ltr'>posse</span> <span class='ocrx_word' id='word_1_139' title='bbox 451 2384 664 2455; x_wconf 85' lang='lat' dir='ltr'>concipere...</span> <span class='ocrx_word' id='word_1_140' title='bbox 681 2383 770 2437; x_wconf 90' lang='lat' dir='ltr'>immo</span> <span class='ocrx_word' id='word_1_141' title='bbox 825 2402 883 2456; x_wconf 86' lang='lat' dir='ltr'>que</span> <span class='ocrx_word' id='word_1_142' title='bbox 900 2402 947 2441; x_wconf 90' lang='lat' dir='ltr'>res</span> <span class='ocrx_word' id='word_1_143' title='bbox 966 2388 1033 2440; x_wconf 87' lang='lat' dir='ltr'>tuas</span> <span class='ocrx_word' id='word_1_144' title='bbox 1052 2386 1168 2454; x_wconf 84' lang='lat' dir='ltr'>habeto,</span> <span class='ocrx_word' id='word_1_145' title='bbox 1192 2402 1245 2456; x_wconf 85' lang='lat' dir='ltr'>ego</span> <span class='ocrx_word' id='word_1_146' title='bbox 1266 2403 1338 2443; x_wconf 83' lang='lat' dir='ltr'>vero</span> 
     </span>
     <span class='ocr_line' id='line_1_20' title="bbox 263 2472 1339 2542; baseline 0.003 -13"><span class='ocrx_word' id='word_1_147' title='bbox 263 2480 297 2529; x_wconf 87' lang='lat' dir='ltr'>ut</span> <span class='ocrx_word' id='word_1_148' title='bbox 317 2472 522 2529; x_wconf 83' lang='lat' dir='ltr'>contumeliam</span> <span class='ocrx_word' id='word_1_149' title='bbox 545 2472 638 2542; x_wconf 81' lang='lat' dir='ltr'>magis</span> <span class='ocrx_word' id='word_1_150' title='bbox 662 2472 771 2527; x_wconf 84' lang='lat' dir='ltr'>sentias</span> <span class='ocrx_word' id='word_1_151' title='bbox 825 2484 1100 2530; x_wconf 83' lang='lat' dir='ltr'>sororemtuam...</span> <span class='ocrx_word' id='word_1_152' title='bbox 1114 2474 1173 2529; x_wconf 82' lang='lat' dir='ltr'>iam</span> <span class='ocrx_word' id='word_1_153' title='bbox 1184 2474 1339 2532; x_wconf 89' lang='lat' dir='ltr'>mihicon·</span> 
     </span>
     <span class='ocr_line' id='line_1_21' title="bbox 264 2560 1278 2634; baseline 0.003 -17"><span class='ocrx_word' id='word_1_154' title='bbox 264 2563 391 2633; x_wconf 85' lang='lat' dir='ltr'>aliquem</span> <span class='ocrx_word' id='word_1_155' title='bbox 421 2561 595 2632; x_wconf 80' lang='lat' dir='ltr'>adopturam</span> <span class='ocrx_word' id='word_1_156' title='bbox 628 2561 664 2615; x_wconf 92' lang='lat' dir='ltr'>de</span> <span class='ocrx_word' id='word_1_157' title='bbox 698 2560 771 2616; x_wconf 92' lang='lat' dir='ltr'>meis</span> <span class='ocrx_word' id='word_1_158' title='bbox 824 2563 958 2618; x_wconf 80' lang='lat' dir='ltr'>farreatis</span> <span class='ocrx_word' id='word_1_159' title='bbox 976 2563 1087 2634; x_wconf 87' lang='lat' dir='ltr'>nuptiis</span> <span class='ocrx_word' id='word_1_160' title='bbox 1107 2563 1278 2634; x_wconf 80' lang='lat' dir='ltr'>coniugcbo.</span> 
     </span>
     <span class='ocr_line' id='line_1_22' title="bbox 264 2650 1338 2722; baseline 0.002 -16"><span class='ocrx_word' id='word_1_161' title='bbox 264 2650 472 2708; x_wconf 72' lang='lat' dir='ltr'>vernulis...</span> <span class='ocrx_word' id='word_1_162' title='bbox 866 2650 915 2719; x_wconf 89' lang='lat' dir='ltr'>Vi,</span> <span class='ocrx_word' id='word_1_163' title='bbox 935 2655 960 2704; x_wconf 92' lang='grc'>4.</span> <span class='ocrx_word' id='word_1_164' title='bbox 998 2651 1081 2706; x_wconf 82' lang='lat' dir='ltr'>Tunc</span> <span class='ocrx_word' id='word_1_165' title='bbox 1100 2652 1189 2707; x_wconf 85' lang='lat' dir='ltr'>ctiam</span> <span class='ocrx_word' id='word_1_166' title='bbox 1212 2650 1338 2722; x_wconf 80' lang='lat' dir='ltr'>legibus,</span> 
     </span>
     <span class='ocr_line' id='line_1_23' title="bbox 301 2738 1335 2812; baseline 0.002 -20"><span class='ocrx_word' id='word_1_167' title='bbox 301 2739 387 2801; x_wconf 80' lang='lat' dir='ltr'>v,30.</span> <span class='ocrx_word' id='word_1_168' title='bbox 402 2738 772 2810; x_wconf 77' lang='lat' dir='ltr'>Meinquamipsampar·</span> <span class='ocrx_word' id='word_1_169' title='bbox 827 2757 902 2812; x_wconf 87' lang='lat' dir='ltr'>quae</span> <span class='ocrx_word' id='word_1_170' title='bbox 930 2756 1029 2795; x_wconf 86' lang='lat' dir='ltr'>servos</span> <span class='ocrx_word' id='word_1_171' title='bbox 1059 2740 1169 2795; x_wconf 83' lang='lat' dir='ltr'>alienos</span> <span class='ocrx_word' id='word_1_172' title='bbox 1196 2740 1335 2811; x_wconf 79' lang='lat' dir='ltr'>perfugus</span> 
     </span>
     <span class='ocr_line' id='line_1_24' title="bbox 264 2827 1335 2899; baseline 0 -17"><span class='ocrx_word' id='word_1_173' title='bbox 264 2827 355 2884; x_wconf 88' lang='lat' dir='ltr'>ricida</span> <span class='ocrx_word' id='word_1_174' title='bbox 374 2827 505 2882; x_wconf 90' lang='lat' dir='ltr'>denudas</span> <span class='ocrx_word' id='word_1_175' title='bbox 523 2827 630 2882; x_wconf 87' lang='lat' dir='ltr'>cotidie</span> <span class='ocrx_word' id='word_1_176' title='bbox 650 2874 655 2884; x_wconf 93' lang='lat'><em>.</em></span> <span class='ocrx_word' id='word_1_177' title='bbox 675 2872 682 2885; x_wconf 86' lang='lat'><strong>.</strong></span> <span class='ocrx_word' id='word_1_178' title='bbox 701 2867 709 2883; x_wconf 91' lang='lat'><strong>.</strong></span> <span class='ocrx_word' id='word_1_179' title='bbox 727 2828 773 2882; x_wconf 91' lang='lat' dir='ltr'>cui</span> <span class='ocrx_word' id='word_1_180' title='bbox 826 2829 924 2884; x_wconf 70' lang='lat' dir='ltr'>inritis</span> <span class='ocrx_word' id='word_1_181' title='bbox 944 2828 1068 2883; x_wconf 89' lang='lat' dir='ltr'>dominis</span> <span class='ocrx_word' id='word_1_182' title='bbox 1093 2830 1195 2883; x_wconf 86' lang='lat' dir='ltr'>vetant</span> <span class='ocrx_word' id='word_1_183' title='bbox 1216 2828 1335 2899; x_wconf 88' lang='lat' dir='ltr'>suscipi,</span> 
     </span>
     <span class='ocr_line' id='line_1_25' title="bbox 266 2911 1150 2989; baseline -0.002 -17"><span class='ocrx_word' id='word_1_184' title='bbox 266 2918 381 2988; x_wconf 83' lang='lat' dir='ltr'>saepius</span> <span class='ocrx_word' id='word_1_185' title='bbox 399 2917 429 2970; x_wconf 91' lang='lat' dir='ltr'>in</span> <span class='ocrx_word' id='word_1_186' title='bbox 449 2932 588 2987; x_wconf 86' lang='lat' dir='ltr'>angorem</span> <span class='ocrx_word' id='word_1_187' title='bbox 609 2916 668 2971; x_wconf 91' lang='lat' dir='ltr'>mei</span> <span class='ocrx_word' id='word_1_188' title='bbox 685 2916 771 2988; x_wconf 81' lang='lat' dir='ltr'>paeli·</span> <span class='ocrx_word' id='word_1_189' title='bbox 827 2916 993 2989; x_wconf 85' lang='lat' dir='ltr'>prohibeor.</span> <span class='ocrx_word' id='word_1_190' title='bbox 1144 2911 1150 2921; x_wconf 83' lang='lat'>&#39;</span> 
     </span>
     <span class='ocr_line' id='line_1_26' title="bbox 267 3003 1338 3076; baseline -0.001 -15"><span class='ocrx_word' id='word_1_191' title='bbox 267 3012 349 3061; x_wconf 85' lang='lat' dir='ltr'>catus</span> <span class='ocrx_word' id='word_1_192' title='bbox 376 3005 489 3074; x_wconf 84' lang='lat' dir='ltr'>puellas</span> <span class='ocrx_word' id='word_1_193' title='bbox 519 3004 676 3076; x_wconf 84' lang='lat' dir='ltr'>propinare</span> <span class='ocrx_word' id='word_1_194' title='bbox 706 3021 773 3060; x_wconf 89' lang='lat' dir='ltr'>con·</span> <span class='ocrx_word' id='word_1_195' title='bbox 862 3005 912 3076; x_wconf 84' lang='lat' dir='ltr'>VI,</span> <span class='ocrx_word' id='word_1_196' title='bbox 922 3008 948 3062; x_wconf 81' lang='lat'>7.</span> <span class='ocrx_word' id='word_1_197' title='bbox 968 3005 1010 3060; x_wconf 88' lang='lat' dir='ltr'>Ne</span> <span class='ocrx_word' id='word_1_198' title='bbox 1019 3004 1044 3061; x_wconf 91' lang='lat' dir='ltr'>si</span> <span class='ocrx_word' id='word_1_199' title='bbox 1055 3004 1120 3075; x_wconf 90' lang='lat' dir='ltr'>quis</span> <span class='ocrx_word' id='word_1_200' title='bbox 1133 3003 1338 3060; x_wconf 80' lang='lat' dir='ltr'>occultationis</span> 
     </span>
     <span class='ocr_line' id='line_1_27' title="bbox 267 3094 1340 3164; baseline -0.001 -15"><span class='ocrx_word' id='word_1_201' title='bbox 267 3094 366 3150; x_wconf 89' lang='lat' dir='ltr'>suesti.</span> <span class='ocrx_word' id='word_1_202' title='bbox 827 3094 1340 3164; x_wconf 67' lang='lat' dir='ltr'>illicitaecrimensubieritignoran·</span> 
     </span>
     <span class='ocr_line' id='line_1_28' title="bbox 304 3182 1342 3256; baseline 0 -20"><span class='ocrx_word' id='word_1_203' title='bbox 304 3183 336 3252; x_wconf 86' lang='lat' dir='ltr'>V,</span> <span class='ocrx_word' id='word_1_204' title='bbox 355 3185 398 3241; x_wconf 86' lang='lat'>31.</span> <span class='ocrx_word' id='word_1_205' title='bbox 427 3184 473 3240; x_wconf 88' lang='lat' dir='ltr'>An</span> <span class='ocrx_word' id='word_1_206' title='bbox 492 3183 609 3254; x_wconf 82' lang='lat' dir='ltr'>ignores</span> <span class='ocrx_word' id='word_1_207' title='bbox 629 3200 696 3239; x_wconf 88' lang='lat' dir='ltr'>eum</span> <span class='ocrx_word' id='word_1_208' title='bbox 714 3199 773 3237; x_wconf 81' lang='lat' dir='ltr'>ma·</span> <span class='ocrx_word' id='word_1_209' title='bbox 828 3184 886 3240; x_wconf 86' lang='lat' dir='ltr'>tiae</span> <span class='ocrx_word' id='word_1_210' title='bbox 914 3200 945 3239; x_wconf 86' lang='lat' dir='ltr'>ee</span> <span class='ocrx_word' id='word_1_211' title='bbox 973 3183 1069 3256; x_wconf 85' lang='lat' dir='ltr'>possit</span> <span class='ocrx_word' id='word_1_212' title='bbox 1091 3183 1263 3239; x_wconf 85' lang='lat' dir='ltr'>exusatione</span> <span class='ocrx_word' id='word_1_213' title='bbox 1290 3182 1342 3237; x_wconf 90' lang='lat' dir='ltr'>de-</span> 
     </span>
     <span class='ocr_line' id='line_1_29' title="bbox 268 3270 1340 3343; baseline -0.002 -14"><span class='ocrx_word' id='word_1_214' title='bbox 268 3273 381 3329; x_wconf 87' lang='lat' dir='ltr'>sculum</span> <span class='ocrx_word' id='word_1_215' title='bbox 418 3277 449 3329; x_wconf 92' lang='lat' dir='ltr'>et</span> <span class='ocrx_word' id='word_1_216' title='bbox 484 3273 620 3328; x_wconf 86' lang='lat' dir='ltr'>iuvenem</span> <span class='ocrx_word' id='word_1_217' title='bbox 650 3288 714 3328; x_wconf 86' lang='lat' dir='ltr'>esse</span> <span class='ocrx_word' id='word_1_218' title='bbox 745 3276 775 3327; x_wconf 86' lang='lat' dir='ltr'>et</span> <span class='ocrx_word' id='word_1_219' title='bbox 827 3274 946 3329; x_wconf 81' lang='lat' dir='ltr'>fondere</span> <span class='ocrx_word' id='word_1_220' title='bbox 960 3318 965 3329; x_wconf 89' lang='lat'>.</span> <span class='ocrx_word' id='word_1_221' title='bbox 980 3316 986 3329; x_wconf 92' lang='lat'><em>.</em></span> <span class='ocrx_word' id='word_1_222' title='bbox 1002 3316 1007 3329; x_wconf 94' lang='lat'>.</span> <span class='ocrx_word' id='word_1_223' title='bbox 1022 3271 1150 3326; x_wconf 89' lang='lat' dir='ltr'>libellum</span> <span class='ocrx_word' id='word_1_224' title='bbox 1168 3271 1193 3326; x_wconf 91' lang='lat' dir='ltr'>ei</span> <span class='ocrx_word' id='word_1_225' title='bbox 1206 3270 1340 3343; x_wconf 77' lang='lat' dir='ltr'>porrigit,</span> 
     </span>
     <span class='ocr_line' id='line_1_30' title="bbox 268 3358 1342 3433; baseline -0.001 -17"><span class='ocrx_word' id='word_1_226' title='bbox 268 3365 419 3432; x_wconf 86' lang='lat' dir='ltr'>praeterea</span> <span class='ocrx_word' id='word_1_227' title='bbox 447 3361 568 3417; x_wconf 87' lang='lat' dir='ltr'>cordata</span> <span class='ocrx_word' id='word_1_228' title='bbox 595 3361 697 3415; x_wconf 91' lang='lat' dir='ltr'>mulier</span> <span class='ocrx_word' id='word_1_229' title='bbox 723 3358 775 3416; x_wconf 91' lang='lat' dir='ltr'>filii</span> <span class='ocrx_word' id='word_1_230' title='bbox 828 3361 1125 3433; x_wconf 84' lang='lat' dir='ltr'>ubiPsychesnomen</span> <span class='ocrx_word' id='word_1_231' title='bbox 1134 3360 1342 3417; x_wconf 73' lang='lat' dir='ltr'>continebatur</span> 
     </span>
     <span class='ocr_line' id='line_1_31' title="bbox 267 3449 1053 3522; baseline 0.001 -18"><span class='ocrx_word' id='word_1_232' title='bbox 267 3450 311 3504; x_wconf 90' lang='lat' dir='ltr'>tui</span> <span class='ocrx_word' id='word_1_233' title='bbox 338 3449 421 3505; x_wconf 88' lang='lat' dir='ltr'>lusus</span> <span class='ocrx_word' id='word_1_234' title='bbox 452 3463 567 3521; x_wconf 84' lang='lat' dir='ltr'>semper</span> <span class='ocrx_word' id='word_1_235' title='bbox 592 3449 774 3522; x_wconf 79' lang='lat' dir='ltr'>explorabis?</span> <span class='ocrx_word' id='word_1_236' title='bbox 830 3455 859 3507; x_wconf 89' lang='lat' dir='ltr'>et</span> <span class='ocrx_word' id='word_1_237' title='bbox 877 3455 974 3507; x_wconf 84' lang='lat' dir='ltr'>cetera</span> <span class='ocrx_word' id='word_1_238' title='bbox 993 3491 999 3503; x_wconf 90' lang='lat'><strong><em>.</em></strong></span> <span class='ocrx_word' id='word_1_239' title='bbox 1020 3491 1053 3505; x_wconf 91' lang='lat'>..</span> 
     </span>
     <span class='ocr_line' id='line_1_32' title="bbox 268 3538 1343 3609; baseline 0.001 -18"><span class='ocrx_word' id='word_1_240' title='bbox 268 3579 317 3597; x_wconf 84' lang='lat'>...</span> <span class='ocrx_word' id='word_1_241' title='bbox 336 3541 402 3594; x_wconf 85' lang='lat' dir='ltr'>tuas</span> <span class='ocrx_word' id='word_1_242' title='bbox 421 3541 500 3594; x_wconf 88' lang='lat' dir='ltr'>artes</span> <span class='ocrx_word' id='word_1_243' title='bbox 519 3544 644 3609; x_wconf 88' lang='lat' dir='ltr'>tuasque</span> <span class='ocrx_word' id='word_1_244' title='bbox 658 3538 775 3594; x_wconf 88' lang='lat' dir='ltr'>delicias</span> <span class='ocrx_word' id='word_1_245' title='bbox 868 3540 912 3605; x_wconf 88' lang='lat' dir='ltr'>VI,</span> <span class='ocrx_word' id='word_1_246' title='bbox 932 3543 957 3600; x_wconf 86' lang='lat'>8.</span> <span class='ocrx_word' id='word_1_247' title='bbox 977 3538 1138 3596; x_wconf 85' lang='lat' dir='ltr'>Conveniat</span> <span class='ocrx_word' id='word_1_248' title='bbox 1153 3540 1231 3592; x_wconf 88' lang='lat' dir='ltr'>retro</span> <span class='ocrx_word' id='word_1_249' title='bbox 1244 3538 1343 3592; x_wconf 80' lang='lat' dir='ltr'>metas</span> 
     </span>
     <span class='ocr_line' id='line_1_33' title="bbox 268 3625 1340 3699; baseline -0.002 -17"><span class='ocrx_word' id='word_1_250' title='bbox 268 3629 297 3682; x_wconf 92' lang='lat' dir='ltr'>in</span> <span class='ocrx_word' id='word_1_251' title='bbox 322 3630 470 3683; x_wconf 85' lang='lat' dir='ltr'>formonso</span> <span class='ocrx_word' id='word_1_252' title='bbox 493 3626 553 3683; x_wconf 92' lang='lat' dir='ltr'>filio</span> <span class='ocrx_word' id='word_1_253' title='bbox 580 3627 776 3699; x_wconf 84' lang='lat' dir='ltr'>reprehendes</span> <span class='ocrx_word' id='word_1_254' title='bbox 829 3629 952 3686; x_wconf 85' lang='lat' dir='ltr'>Murtias</span> <span class='ocrx_word' id='word_1_255' title='bbox 982 3626 1157 3684; x_wconf 87' lang='lat' dir='ltr'>Mercurium</span> <span class='ocrx_word' id='word_1_256' title='bbox 1190 3625 1340 3697; x_wconf 75' lang='lat' dir='ltr'>praedica</span> 
     </span>
     <span class='ocr_line' id='line_1_34' title="bbox 330 3716 1003 3776; baseline 0.001 -0.917"><span class='ocrx_word' id='word_1_257' title='bbox 330 3720 399 3773; x_wconf 81' lang='lat' dir='ltr'>tuae</span> <span class='ocrx_word' id='word_1_258' title='bbox 418 3716 523 3772; x_wconf 90' lang='lat' dir='ltr'>domus</span> <span class='ocrx_word' id='word_1_259' title='bbox 547 3733 660 3772; x_wconf 82' lang='lat' dir='ltr'>amores</span> <span class='ocrx_word' id='word_1_260' title='bbox 679 3734 776 3773; x_wconf 84' lang='lat' dir='ltr'>amare</span> <span class='ocrx_word' id='word_1_261' title='bbox 829 3724 924 3776; x_wconf 87' lang='lat' dir='ltr'>torem</span> <span class='ocrx_word' id='word_1_262' title='bbox 944 3764 949 3775; x_wconf 94' lang='lat'><em>.</em></span> <span class='ocrx_word' id='word_1_263' title='bbox 970 3761 976 3773; x_wconf 92' lang='lat'><strong>.</strong></span> <span class='ocrx_word' id='word_1_264' title='bbox 997 3761 1003 3776; x_wconf 89' lang='lat'>.</span> 
     </span>
     <span class='ocr_line' id='line_1_35' title="bbox 269 3801 1343 3877; baseline -0.004 -16"><span class='ocrx_word' id='word_1_265' title='bbox 269 3805 423 3861; x_wconf 68' lang='lat' dir='ltr'>cohercens</span> <span class='ocrx_word' id='word_1_266' title='bbox 454 3808 484 3860; x_wconf 89' lang='lat' dir='ltr'>et</span> <span class='ocrx_word' id='word_1_267' title='bbox 513 3805 650 3861; x_wconf 79' lang='lat' dir='ltr'>vitiorum</span> <span class='ocrx_word' id='word_1_268' title='bbox 677 3807 777 3862; x_wconf 91' lang='lat' dir='ltr'>mulie·</span> <span class='ocrx_word' id='word_1_269' title='bbox 868 3807 914 3876; x_wconf 86' lang='lat' dir='ltr'>VI,</span> <span class='ocrx_word' id='word_1_270' title='bbox 932 3807 958 3865; x_wconf 83' lang='lat'>9.</span> <span class='ocrx_word' id='word_1_271' title='bbox 978 3805 1108 3877; x_wconf 89' lang='lat' dir='ltr'>Impares</span> <span class='ocrx_word' id='word_1_272' title='bbox 1128 3803 1206 3860; x_wconf 86' lang='lat' dir='ltr'>enim</span> <span class='ocrx_word' id='word_1_273' title='bbox 1219 3801 1343 3874; x_wconf 82' lang='lat' dir='ltr'>nuptiae</span> 
     </span>
     <span class='ocr_line' id='line_1_36' title="bbox 269 3892 1343 3968; baseline 0 -19"><span class='ocrx_word' id='word_1_274' title='bbox 269 3894 366 3949; x_wconf 89' lang='lat' dir='ltr'>brium</span> <span class='ocrx_word' id='word_1_275' title='bbox 375 3894 523 3964; x_wconf 89' lang='lat' dir='ltr'>publicam</span> <span class='ocrx_word' id='word_1_276' title='bbox 533 3896 703 3968; x_wconf 80' lang='lat' dir='ltr'>praecludas</span> <span class='ocrx_word' id='word_1_277' title='bbox 714 3896 776 3953; x_wconf 85' lang='lat' dir='ltr'>olfi·</span> <span class='ocrx_word' id='word_1_278' title='bbox 831 3899 861 3952; x_wconf 84' lang='lat' dir='ltr'>ct</span> <span class='ocrx_word' id='word_1_279' title='bbox 879 3898 1032 3967; x_wconf 86' lang='lat' dir='ltr'>praeterea</span> <span class='ocrx_word' id='word_1_280' title='bbox 1049 3895 1079 3949; x_wconf 93' lang='lat' dir='ltr'>in</span> <span class='ocrx_word' id='word_1_281' title='bbox 1097 3893 1165 3949; x_wconf 80' lang='lat' dir='ltr'>villa</span> <span class='ocrx_word' id='word_1_282' title='bbox 1184 3892 1246 3948; x_wconf 88' lang='lat' dir='ltr'>sine</span> <span class='ocrx_word' id='word_1_283' title='bbox 1259 3892 1343 3949; x_wconf 84' lang='lat' dir='ltr'>testi-</span> 
     </span>
     <span class='ocr_line' id='line_1_37' title="bbox 271 3980 1344 4054; baseline -0.002 -16"><span class='ocrx_word' id='word_1_284' title='bbox 271 3982 383 4038; x_wconf 78' lang='lat' dir='ltr'>cinam?</span> <span class='ocrx_word' id='word_1_285' title='bbox 832 3986 887 4040; x_wconf 88' lang='lat' dir='ltr'>bus</span> <span class='ocrx_word' id='word_1_286' title='bbox 907 3986 937 4039; x_wconf 88' lang='lat' dir='ltr'>et</span> <span class='ocrx_word' id='word_1_287' title='bbox 955 3985 1038 4054; x_wconf 87' lang='lat' dir='ltr'>patre</span> <span class='ocrx_word' id='word_1_288' title='bbox 1056 3999 1114 4038; x_wconf 92' lang='lat' dir='ltr'>non</span> <span class='ocrx_word' id='word_1_289' title='bbox 1140 3980 1344 4037; x_wconf 86' lang='lat' dir='ltr'>consentiente</span> 
     </span>
    </p>
   </div>
   <div class='ocr_carea' id='block_1_7' title="bbox 273 4101 1344 4263">
    <p class='ocr_par' dir='ltr' id='par_1_7' title="bbox 273 4101 1344 4263">
     <span class='ocr_line' id='line_1_38' title="bbox 362 4101 1344 4178; baseline -0.004 -15"><span class='ocrx_word' id='word_1_290' title='bbox 362 4110 404 4174; x_wconf 87' lang='grc'>13)</span> <span class='ocrx_word' id='word_1_291' title='bbox 422 4109 456 4164; x_wconf 84' lang='lat' dir='ltr'>ci.</span> <span class='ocrx_word' id='word_1_292' title='bbox 468 4102 681 4178; x_wconf 68' lang='lat' dir='ltr'>‘Wilamowita</span> <span class='ocrx_word' id='word_1_293' title='bbox 693 4109 875 4166; x_wconf 83' lang='lat' dir='ltr'>Asianismus</span> <span class='ocrx_word' id='word_1_294' title='bbox 886 4126 914 4166; x_wconf 85' lang='lat' dir='ltr'>u.</span> <span class='ocrx_word' id='word_1_295' title='bbox 924 4101 1105 4163; x_wconf 85' lang='lat' dir='ltr'>Atticismus’</span> <span class='ocrx_word' id='word_1_296' title='bbox 1117 4105 1251 4177; x_wconf 87' lang='lat' dir='ltr'>(Hermes</span> <span class='ocrx_word' id='word_1_297' title='bbox 1260 4105 1344 4176; x_wconf 79' lang='lat' dir='ltr'>teon)</span> 
     </span>
     <span class='ocr_line' id='line_1_39' title="bbox 273 4199 429 4263; baseline 0.026 -14"><span class='ocrx_word' id='word_1_298' title='bbox 273 4214 301 4263; x_wconf 82' lang='lat' dir='ltr'>p.</span> <span class='ocrx_word' id='word_1_299' title='bbox 320 4199 337 4250; x_wconf 89' lang='lat'>8</span> <span class='ocrx_word' id='word_1_300' title='bbox 357 4201 429 4253; x_wconf 83' lang='lat' dir='ltr'>extr.</span> 
     </span>
    </p>
   </div>
   <div class='ocr_carea' id='block_1_8' title="bbox 0 0 1468 5054">
    <p class='ocr_par' dir='ltr' id='par_1_8' title="bbox 0 0 1468 5054">
     <span class='ocr_line' id='line_1_40' title="bbox 0 0 1468 5054; baseline 0 0"><span class='ocrx_word' id='word_1_301' title='bbox 0 0 1468 5054; x_wconf 95' lang='lat' dir='ltr'> </span> 
     </span>
    </p>
   </div>
  </div>
 </body>
</html>
