2896 5054
554 1256 679 1343 Caput
703 1260 879 1327 alterum.

664 1424 772 1431 —

290 1541 431 1623 Fabula
459 1544 674 1644 Apuleiana,
704 1547 894 1646 quaeest
924 1545 969 1626 de
1000 1547 1148 1646 Psyche

183 1668 225 1747 et
260 1665 455 1768 cupidine,
494 1687 577 1752 cum
611 1671 786 1771 coenetis
818 1669 971 1752 fabellis
1007 1670 1250 1771 popularibus

592 1798 846 1896 comparatur.

274 1953 461 2041 Antequam
484 1955 527 2020 ad
549 1955 585 2018 id
607 1955 792 2040 aggrediar,
816 1966 852 2019 ut
874 1955 1019 2020 fabulam
1034 1954 1252 2041 Apuleianam

189 2081 263 2123 cum
297 2061 435 2127 aliorum
457 2062 647 2149 populorum
670 2060 794 2126 fabellis
817 2062 1025 2148 popularibus
1058 2083 1251 2147 comparem,

190 2170 358 2234 excusatio
382 2169 461 2234 mihi
483 2170 623 2256 petenda
646 2178 705 2250 est,
728 2169 813 2254 quod
836 2169 916 2233 mihi
938 2191 1067 2254 prorsus
1090 2192 1154 2234 non
1179 2192 1252 2233 con-

186 2275 269 2359 tigit,
293 2286 328 2340 ut
351 2299 473 2360 omnes,
497 2299 580 2362 quae
604 2276 867 2361 innotuerunt1)‚
892 2285 1045 2361 cognatas
1061 2275 1196 2340 fabellas
1218 2277 1252 2339 in

187 2404 296 2446 meum
325 2405 418 2447 usum
442 2393 671 2449 converterem.
717 2381 814 2462 Quod
837 2385 953 2448 vitium
976 2407 1071 2468 spero
1095 2383 1183 2447 haud
1206 2385 1255 2446 ita

186 2511 290 2573 greve
314 2489 461 2554 futurum
475 2513 554 2555 esse.
579 2489 758 2574 Postquam
767 2491 854 2553 enim
876 2490 1120 2571 Friedlaender,
1142 2490 1254 2571 Kuhn,

189 2594 334 2681 Oosquin
367 2598 401 2660 in
439 2599 624 2662 narratione
655 2594 841 2680 Apuleiana
875 2598 951 2660 satis
984 2597 1084 2659 multa
1115 2595 1254 2660 fabellae

188 2701 355 2767 cuiusdam
393 2705 531 2790 vestigia
573 2705 678 2769 inesse
717 2704 1036 2784 demonstraverunt,
1070 2703 1177 2780 nobis,
1217 2714 1253 2764 ut

190 2831 258 2872 rem
283 2811 446 2895 quandam
471 2811 558 2897 apud
572 2808 749 2895 Apuleium
765 2809 894 2874 obuiam
911 2833 954 2874 ex
970 2808 1089 2873 fabella
1104 2808 1253 2892 populari

187 2914 336 2979 haustam
369 2918 571 2992 evincamus,
601 2939 665 2981 non
701 2939 780 3002 opus
815 2926 863 2981 est
900 2926 1028 2980 centum
1061 2913 1253 2979 fabellarum

186 3020 272 3086 locos
306 3022 378 3108 plus
414 3027 560 3090 minusve
576 3023 842 3110 Apuleianorum
871 3024 991 3089 similes
1023 3024 1156 3105 afferre,
1196 3023 1253 3086 sed

188 3150 308 3213 paucos
333 3129 616 3218 consimillimos2).
641 3129 868 3217 —Optimum
892 3154 960 3195 esse
985 3130 1064 3194 duxi
1087 3141 1120 3194 et
1135 3129 1253 3214 Apulei

187 3245 220 3300 et
242 3235 433 3302 fabellarum
456 3239 542 3304 locos
564 3236 665 3302 verbo
689 3248 782 3302 tenus
806 3237 1006 3304 exscribere.

222 3411 305 3482 Apul.
324 3416 442 3472 metam.
465 3413 514 3483 IV,
533 3415 576 3470 28.
600 3413 692 3468 Erant
777 3415 900 3479 Grimm,
924 3408 1055 3468 ‘Kicder-
1075 3415 1134 3467 aad
1158 3415 1252 3467 Herce-

185 3498 215 3553 in
226 3500 353 3570 quadam
364 3501 690 3573 civitatorexetregina.
742 3498 889 3556 moerchea’
909 3503 951 3568 II,
966 3504 1025 3556 133.
1058 3501 1097 3557 Es
1116 3518 1175 3556 war
1194 3503 1252 3557 ein-

184 3587 216 3642 ni
226 3591 286 3644 tres
299 3606 420 3646 numero
432 3591 508 3647 filias
520 3593 614 3647 forme
625 3606 692 3646 con·
742 3591 800 3646 mal
819 3591 866 3646 ein
879 3590 985 3663 Konig‚
1005 3591 1057 3645 der
1074 3591 1157 3646 hatte
1170 3590 1258 3646 zwlilf

187 3677 304 3748 spicnas
327 3679 469 3750 habuere,
494 3680 547 3736 sed
568 3679 692 3735 maiores
743 3679 884 3752 lechum,
913 3680 976 3735 eine
1004 3681 1105 3734 immet
1129 3678 1255 3735 schoner

188 3766 693 3841 quidemnatuquamvisgratissima
744 3770 786 3825 als
806 3769 853 3824 die
872 3768 970 3823 endre.

276 3930 303 3995 1)
321 3927 480 3984 Maximam
489 3931 677 4000 cognatarum
688 3927 860 3983 fabellarum
873 3926 989 3998 copiam
1001 3927 1124 3984 contulit
1136 3927 1252 3984 Kohler.

187 4015 222 4069 cf.
241 4010 311 4072 ‘Der
329 4017 481 4089 Ursprung
499 4017 552 4072 der
568 4011 818 4086 Melusinensage?
854 4015 933 4087 Lipe.
954 4017 1032 4072 1895.

275 4109 303 4172 2)
321 4106 526 4163 Friedlaender
535 4123 652 4178 quoque
664 4106 741 4161 iusta
754 4122 842 4162 cauea
853 4108 947 4161 tutem
960 4106 1065 4162 seriem
1081 4107 1253 4162 fabellarum

186 4197 376 4263 cognatarum
399 4195 632 4268 praetermittere
655 4195 711 4251 sibi
732 4195 818 4251 licere
840 4194 958 4250 iudicat.
995 4196 1031 4250 cf.
1049 4189 1078 4252 ‘l
1092 4191 1117 4254 l.'
1143 4213 1170 4266 p.
1190 4197 1252 4250 563.
