2896 5054
616 483 834 547 ..37-

184 664 250 730 bus
270 685 329 748 per
352 659 487 746 populos
511 660 714 741 differuntur,
740 658 827 744 quod
850 679 892 721 cx
916 657 974 738 eia,
997 678 1082 742 quae
1104 654 1258 719 fabellam
1293 710 1296 717 .

184 779 332 848 narrant,
355 766 420 835 alia
442 766 531 833 aliud
547 765 648 847 addit,
673 765 800 845 omittit,
824 773 929 828 mutat
945 774 1044 849 atque
1054 764 1101 826 ita
1116 759 1259 846 singulas

185 899 237 943 rcs
261 875 324 939 sihi
340 874 465 958 fingere
489 884 521 936 et
543 895 716 937 renarrare
729 870 820 947 solet,
844 879 880 934 ut
896 892 970 934 cum
985 868 1097 954 populi
1112 867 1259 952 indigeni

185 982 342 1062 moribus,
382 1002 458 1045 cnm
491 1002 550 1043 sna
582 1001 693 1044 rerum
729 978 844 1041 notitia
883 999 982 1061 qnmn
1009 976 1154 1067 maxime
1183 995 1259 1037 con·

187 1087 353 1175 gruant⁸l.

275 1193 434 1262 Attamen
451 1193 530 1277 quin
552 1191 637 1255 hanc
654 1190 878 1274 quaestionem
901 1199 1046 1273 tangam,
1068 1187 1180 1250 facere
1196 1208 1261 1250 non

186 1325 328 1389 possum,
352 1322 429 1365 nam
457 1298 627 1384 permagni
660 1306 770 1359 nostra
801 1296 936 1360 interest
968 1296 1052 1359 scire
1059 1344 1068 1375 ,
1102 1303 1263 1378 quatenus

187 1408 252 1483 illa,
276 1429 360 1493 quae
384 1405 515 1471 fabulae
532 1402 718 1486 Apuleiana
731 1402 865 1467 ineunte
879 1404 1013 1485 (metam
1027 1401 1086 1465 IV.
1104 1397 1263 1480 29-32),

189 1515 296 1584 media
319 1513 373 1595 (V.
391 1509 592 1595 25--v1.⁸)‚
613 1519 755 1574 exeunte
778 1508 824 1588 (id
848 1518 896 1572 est
918 1507 982 1572 illia
997 1505 1169 1592 capitibus,
1195 1505 1263 1589 qui-

193 1620 256 1691 bua
269 1618 461 1685 fabellarum
485 1616 621 1693 ulianam
638 1614 701 1678 loci
720 1613 840 1679 similes
855 1614 1053 1699 respondere
1069 1635 1135 1677 non
1150 1610 1264 1675 viden·

195 1731 259 1808 tur)
281 1726 434 1812 legimus,
461 1746 535 1788 cum
558 1721 680 1800 fabella
703 1721 851 1805 populari
873 1721 1057 1806 Apuleiana
1081 1720 1266 1783 narratione

192 1833 314 1901 latente
337 1831 540 1896 cohaereant.
587 1827 703 1892 Sintne
736 1837 844 1893 mente
873 1829 1058 1913 excogitata
1091 1835 1266 1911 posteaque

192 1939 330 2005 tabellae
357 1940 512 2017 immissa,
548 1959 590 2000 an
620 1938 684 2000 sint
706 1936 778 2020 ipsa
802 1957 930 2020 quoqne
953 1934 1091 1999 fabellae
1115 1933 1266 2019 populari

195 2044 411 2126 attribuenda,
435 2043 657 2130 quaerendum
680 2049 740 2110 est.

283 2151 371 2233 Quid
405 2152 447 2216 (le
483 2151 551 2214 fine
572 2150 768 2213 narrationis
789 2148 994 2233 Apuleianae
1027 2169 1188 2228 corneam,
1220 2149 1267 2210 eis

195 2282 281 2345 quac
314 2281 346 2342 p.
380 2259 425 2323 35
460 2280 507 2341 sq.
537 2256 665 2340 scripsi,
699 2255 854 2319 indicavi.
916 2255 1078 2335 Quoniam
1111 2254 1196 2317 errim
1235 2254 1268 2315 in

195 2365 375 2429 Succorum
389 2361 444 2424 illa
458 2362 578 2427 fabella
593 2363 649 2447 (ci.
661 2374 693 2447 p.
706 2363 762 2443 35)
779 2371 850 2445 post
862 2360 990 2425 labores
1006 2382 1159 2446 prospere
1176 2381 1268 2443 supe-

197 2478 287 2533 ratos
327 2466 538 2531 adulescentis
586 2478 617 2532 et
661 2466 787 2553 puellae
818 2469 951 2552 nuptiae
984 2490 1109 2531 summa
1143 2465 1269 2530 lautitia

202 2595 391 2658 summoque
414 2582 572 2658 apparatu
594 2573 810 2656 celebrantur,
835 2575 1044 2639 statuendum
1061 2573 1196 2654 nobis9)
1221 2580 1270 2636 est

198 2702 316 2747 canam
347 2679 526 2764 nuptialem
557 2703 622 2744 non
655 2705 698 2745 ex
729 2679 863 2745 arbitrio
895 2681 1073 2744 narrationi
1102 2679 1269 2764 postmodo

195 2796 344 2887 wentam
365 2807 443 2867 essa,
467 2786 526 2852 sed
546 2787 631 2851 Jove
657 2788 837 2871 ceterisque
862 2787 924 2850 diis
948 2784 1137 2871 deabusque
1150 2785 1270 2848 additis

130 2890 133 2896 ¹
196 2894 282 2963 adea
295 2902 543 2957 ,commutatam
571 2899 678 2977 'atque
710 2903 900 2957 exornatam
932 2915 1021 2973 esse,
1058 2902 1094 2956 ut
1130 2891 1269 2956 fabellae

196 3020 227 3082 p·
243 2997 361 3063 rularis
396 2998 501 3062 verba
538 2999 665 3064 duobus
703 3010 847 3079 tantum,
880 3023 960 3084 quos
998 3021 1096 3084 supra
1128 3001 1170 3084 (p.
1203 3000 1271 3076 35.)

199 3104 363 3183 adunavi,
402 3105 482 3171 locis
505 3106 636 3189 integra
660 3105 771 3170 relicta
796 3107 867 3169 sint.
894 3105 1004 3191 Atque
1027 3127 1143 3169 revera
1158 3104 1270 3168 fabula

285 3316 315 3386 8)
333 3315 374 3370 Ut
391 3315 506 3379 matus,
526 3334 601 3387 quae
615 3317 709 3386 uelim,
729 3317 936 3387 intelligantur,
955 3333 993 3373 ex
1010 3315 1270 3373 innumerabilibus

198 3404 340 3475 exemplis
372 3421 523 3476 perpauca
554 3406 686 3461 afferam:
725 3405 757 3461 in
787 3406 964 3463 Graecorum
1001 3405 1130 3475 quadam
1165 3405 1272 3460 fabella

201 3492 447 3563 (Schlengenlrind
472 3493 506 3548 cf.
525 3487 573 3547 ‘de
591 3492 692 3560 Hahn‚
717 3495 734 3550 l.
754 3490 779 3548 l.‘
800 3511 829 3565 p.
849 3497 901 3551 118
921 3496 997 3566 sqq.)
1026 3491 1125 3564 puella
1148 3492 1272 3548 denubit

201 3581 339 3650 serpenti,
368 3582 398 3635 in
427 3580 639 3636 Germanorum
668 3577 749 3650 (Der
772 3583 853 3638 Wolf
874 3583 929 3637 mit
953 3583 1020 3637 dem
1039 3577 1271 3635 Wockenbri'efe'

199 3669 235 3724 cl.
253 3663 614 3724 ‘Damkohler-Weinllold
626 3669 644 3722 l.
657 3666 683 3727 t’
703 3687 732 3741 p.
747 3673 802 3726 190
818 3672 894 3742 sqq.)
913 3671 992 3741 lupo,
1011 3671 1041 3725 in
1060 3669 1272 3739 Nervegiorum

199 3753 423 3830 t‘Asbjoernson
436 3756 554 3823 atltae,
567 3757 585 3812 l.
597 3754 624 3812 l.’
638 3775 668 3828 p.
680 3759 731 3815 103
744 3762 821 3830 sqq.)
836 3776 914 3826 ursa
923 3760 955 3814 in
965 3759 1155 3814 Euaimonum
1167 3759 1273 3813 fabella

199 3847 250 3917 (cl.
263 3841 392 3913 ‘Kohlen
412 3845 428 3903 l.
442 3841 468 3899 l.‘
489 3862 517 3917 p.
532 3847 560 3916 7,)
578 3846 699 3918 phocae.
727 3851 824 3918 Atque
843 3849 874 3905 in
887 3849 1151 3920 Neapolitanorum
1166 3847 1273 3903 labella

198 3950 221 3990 s.
233 3934 251 3988 l.
268 3936 314 4000 (cf.
334 3951 363 4004 p.
383 3934 425 3988 28.
461 3929 610 3989 ‘Ponant
635 3952 663 4005 p.
680 3935 702 4000 I,
726 3937 768 4005 19)
788 3938 886 4007 puella
911 3955 969 3993 non
990 3936 1156 4009 quaestioni
1174 3936 1273 3991 mariti

196 4022 312 4078 intenta
324 4023 450 4093 populos
465 4023 604 4086 circumit,
619 4024 671 4077 sed
685 4024 793 4094 stipem
814 4026 972 4082 collectura
986 4042 1054 4081 sese
1073 4026 1102 4079 in
1120 4024 1198 4078 viam
1212 4023 1272 4079 dat.

289 4112 316 4176 9)
335 4111 541 4166 Friedlaender
562 4110 651 4182 igitur
669 4111 815 4168 immerito
840 4118 938 4169 totum
965 4113 1140 4168 narrationis
1160 4111 1273 4167 exitum

196 4198 323 4254 fabellae
343 4199 492 4270 popularis
512 4200 664 4271 proprium
683 4201 773 4256 luisse
792 4211 888 4272 negat.
908 4203 936 4269 (l.
956 4203 972 4260 l.
993 4220 1021 4273 p.
1041 4203 1112 4265 546.)
