2896 5054
617 500 833 564 --39-

279 677 401 757 Quodsi
449 676 585 741 fabellas
631 674 803 761 populares
847 682 884 753 (s.
919 675 937 740 l.
973 675 1014 747 cf,
1044 700 1076 761 p.
1110 676 1163 741 35.
1193 674 1255 760 sq.)

186 785 440 870 inspexerim,
477 782 555 868 quid
589 780 728 845 fabellae
771 781 919 865 populari
957 781 1167 846 tribuendum
1205 782 1256 863 sit,

186 903 330 956 statuere
362 889 455 954 nobis
485 888 604 952 licebit.
661 888 749 951 Fieri
778 889 865 950 enim
896 890 1024 973 nequit,
1058 899 1094 953 ut
1124 890 1258 952 maritus

187 1009 221 1064 et
249 996 396 1062 cubiculo
421 997 540 1060 acriter
565 1005 752 1060 coerceatur
768 1016 873 1078 neque
888 995 1028 1080 puellam
1047 997 1258 1061 suscitaturus

188 1129 207 1170 e
231 1103 382 1168 cubiculo
406 1102 490 1167 elabi
513 1101 734 1187 prohibeatur.
773 1101 812 1163 in
835 1103 982 1185 cognatis
1006 1101 1133 1166 fabellis
1158 1124 1258 1188 popu-

187 1211 354 1295 laribus¹¹)
379 1211 513 1274 maritus
529 1207 672 1271 cubiculi
688 1206 834 1270 custodia
850 1229 915 1271 non
931 1207 1109 1289 cohibetur,
1133 1229 1260 1272 verum-

188 1331 297 1383 tamen
337 1315 474 1401 puellae,
508 1323 680 1399 postquam
719 1312 876 1397 pyxidem
907 1316 1052 1395 reseruit,
1091 1315 1260 1378 succurrit.

189 1425 262 1488 Hoc
290 1424 392 1506 igitur
418 1445 461 1485 ex
484 1420 604 1484 fabella
627 1418 776 1503 populari
800 1418 1026 1504 depromptum
1050 1432 1115 1505 est;
1156 1443 1261 1506 neque

192 1531 292 1595 solum
332 1529 505 1612 Cupidinis
545 1525 690 1589 custodia
736 1523 874 1588 fabellae
912 1526 1060 1611 populari
1092 1527 1262 1613 postmodo

195 1629 305 1701 addita
326 1647 386 1716 est,
411 1634 468 1698 sed
491 1634 551 1696 hoc
569 1654 707 1718 quoque,
733 1631 831 1716 idque
848 1656 913 1697 non
930 1633 1013 1698 male
1031 1636 1262 1719 excogitatum,

194 1744 279 1829 quod
301 1742 404 1806 Amor
428 1739 590 1825 Psycham
620 1736 774 1822 punctulo
811 1741 948 1823 sagittae
983 1763 1060 1803 suae
1095 1764 1112 1804 e
1151 1762 1262 1804 somno

193 1851 351 1934 exporgit.

284 1974 365 2037 Tum
381 1972 535 2058 quoniam
558 1980 629 2054 post
650 1969 805 2054 disposita
825 1973 973 2056 gramina
988 1972 1099 2034 Venus
1114 1971 1263 2056 Psychae

197 2080 360 2164 obiurgat:
396 2101 473 2160 ‚non
506 2088 599 2140 tuum
623 2128 629 2140 .
654 2125 660 2136 .
686 2127 692 2139 .
717 2078 804 2142 istud
836 2082 926 2162 opus‘
951 2078 1082 2162 (metam
1105 2078 1164 2141 VI.
1191 2079 1265 2158 11.)‚

195 2186 348 2271 equidem
373 2185 525 2248 formicas
549 2184 657 2245 mariti
681 2184 769 2246 iussu
792 2182 920 2268 puellae
936 2185 969 2246 in
986 2183 1104 2247 fabella
1120 2183 1268 2268 populari

196 2315 263 2378 qua
298 2291 338 2354 de
370 2312 473 2354 sermo
503 2301 552 2352 est
583 2289 756 2373 opitulatas
781 2312 850 2354 esse
876 2289 1077 2359 concludam.
1127 2291 1268 2375 Cosquin

197 2419 278 2462 vero
311 2395 342 2479 (l.
365 2395 387 2476 l,
409 2395 453 2458 ss.
476 2418 506 2480 p.
531 2398 618 2475 242.)
656 2397 769 2479 peritis
802 2419 991 2480 persuasum
1023 2419 1092 2460 esse
1126 2396 1266 2460 affirmat

200 2500 364 2586 Psycham
391 2500 464 2564 ideo
486 2501 694 2565 formicarum
719 2502 841 2567 auxilio
865 2502 1025 2585 adiuvari,
1060 2503 1145 2589 quod
1170 2514 1266 2566 antea

201 2610 272 2692 ipsa
302 2606 408 2670 officia
447 2611 605 2692 quaedam
641 2609 686 2671 eis
710 2610 918 2692 praestiterit.
965 2608 1060 2688 Quod
1084 2610 1266 2673 necessario

198 2715 331 2778 minime
355 2714 577 2777 coniciendum
603 2724 659 2794 est,
683 2717 780 2777 immo
798 2716 941 2800 Oosquin
964 2716 1125 2779 nonnullis
1141 2715 1268 2780 fabellis

195 2818 408 2907 popularibus
441 2820 537 2903 paulo
571 2843 669 2904 supra
702 2821 850 2907 infraque
887 2821 1036 2908 allatisffl)
1065 2824 1133 2907 ipse
1157 2824 1268 2887 vineta

198 2950 255 2992 sua
281 2925 395 2990 caedit.

287 3050 402 3135 Neque
440 3053 545 3134 magis
570 3052 765 3133 errabimus,
805 3054 832 3116 si
864 3076 928 3117 non
962 3054 1166 3133 arundinem,
1205 3077 1269 3118 non

199 3160 314 3223 turrim
329 3156 456 3242 puellae
472 3157 655 3241 praeclaras
667 3159 701 3220 in
718 3158 929 3242 expediendis
942 3157 1106 3222 laboribus
1123 3159 1270 3223 consilia·

199 3266 295 3329 trices
324 3264 423 3327 fuisse
449 3264 634 3346 credemus,
665 3265 779 3328 sedin
803 3264 923 3329 fabella
946 3265 1094 3350 populari
1117 3267 1270 3329 maritum
1304 3313 1312 3360 3

198 3371 325 3458 puellae
350 3369 483 3434 consilio
507 3393 564 3434 suo
589 3373 834 3435 succucurrisse.
871 3372 966 3453 Quod
991 3372 1112 3457 optime
1136 3383 1168 3437 et
1193 3371 1270 3436 Sue·
1307 3364 1315 3447 l

202 3501 311 3542 corum
343 3475 462 3539 fabella
491 3500 514 3538 s.
539 3476 559 3539 l.
589 3477 643 3556 (cf.
669 3500 699 3562 p.
726 3479 792 3555 85.)
822 3479 967 3559 docetur,
1003 3481 1037 3542 in
1070 3502 1134 3564 qua
1164 3480 1272 3564 puella
1311 3448 1316 3527 l

204 3585 339 3649 amatori
379 3581 541 3645 simillima
580 3583 716 3647 consilia
749 3586 815 3667 dat,
855 3608 938 3670 quae
971 3587 1004 3648 in
1037 3585 1156 3669 Apulei
1189 3585 1271 3650 libro
1385 3624 1386 3628 =

1319 3674 1325 3705 l

202 3692 326 3756 arundo
350 3712 388 3752 ac
417 3690 515 3752 turris
540 3728 580 3735 —
606 3701 637 3753 et
664 3693 735 3775 ipsa
757 3691 940 3776 Apuleiana
962 3691 1080 3757 fabula.
1127 3693 1180 3756 An
1204 3693 1272 3756 istis
1321 3708 1329 3780 ᾗ

294 3937 339 4002 11)
358 3937 394 3992 cf.
412 3951 502 4006 supra
520 3954 548 4008 p.
569 3939 612 3992 35.
632 3953 676 4008 sq.
696 3943 726 3992 et
741 3933 959 3993 ‘Kuhn-Friedl.
979 3938 996 3992 l.
1013 3935 1038 3992 l.’
1059 3954 1087 4008 p.
1107 3938 1161 3993 556
1180 3954 1224 4008 sq.

296 4025 340 4091 12)
359 4025 394 4079 cf.
412 4019 553 4096 ‘Coequin
572 4027 589 4084 l
608 4023 635 4083 1?
654 4026 691 4082 ΙΙ.
714 4044 742 4097 p.
763 4029 823 4082 240,
864 4027 1001 4093 „Fulmen
1020 4044 1055 4083 ae
1072 4027 1196 4095 Fragor“
1216 4025 1273 4080 for-

201 4113 295 4169 micas
318 4112 508 4168 Parmetellae
536 4131 704 4170 succurrere
727 4116 816 4171 iubet.
862 4115 900 4169 Et
928 4116 1033 4171 similia
1061 4117 1217 4170 occurrunt
1243 4115 1271 4169 in

202 4201 320 4258 fabellis
339 4202 443 4265 tribus,
463 4219 536 4273 quas
556 4202 686 4273 Cosquin
705 4221 733 4274 p.
753 4207 805 4260 244
824 4205 918 4261 affert.
