2896 5054
611 484 829 547 -47-

276 662 334 742 IV,
359 664 413 729 31.
459 658 589 724 Adsunt
613 659 714 723 Nerei
751 658 836 722 filiae
875 658 1008 723 chorum
1037 669 1191 722 canentes
1223 669 1255 722 et

184 772 349 835 Portunus
377 767 515 833 caerulis
545 765 656 831 barbis
679 765 825 851 hispidus
848 776 881 830 et
902 766 1011 851 gravis
1035 767 1160 850 piscoso
1183 767 1255 829 sinu

187 876 316 943 Salacia
332 887 364 940 et
387 875 504 959 auriga
526 873 682 959 parvulus
707 871 850 957 delphini
874 871 1048 936 Palaemon
1073 882 1132 936 etc.
1167 871 1255 936 Talis

186 984 229 1049 ad
252 983 420 1048 Oceanum
442 982 604 1046 Venerem
628 981 799 1045 comitatur
822 981 993 1045 exercitus.

275 1091 334 1172 IV,
356 1093 409 1156 33.
441 1088 574 1153 Diserte
592 1087 785 1172 explicatur,
804 1086 962 1173 quomodo
978 1094 1140 1170 parentes,
1156 1107 1255 1170 popu-

186 1199 236 1262 lus
260 1196 408 1282 Psychae
432 1207 551 1260 sortem
575 1205 753 1259 maereant.

277 1305 317 1386 V,
343 1309 373 1386 1,
399 1307 428 1369 2.
468 1303 563 1367 Arois
587 1302 760 1366 simulacra
784 1301 1027 1386 diligentissime
1051 1311 1253 1368 enarrantur.

274 1412 315 1493 V,
341 1414 392 1476 22.
441 1411 504 1474 Per
536 1418 640 1474 totum
673 1409 740 1472 fere
781 1417 879 1492 caput
907 1407 1034 1493 Cupido
1073 1418 1105 1471 et
1135 1408 1254 1470 suavis-

186 1522 265 1586 sime
295 1528 328 1584 et
361 1517 601 1602 elegantissime
629 1515 797 1600 permultis
825 1514 964 1600 profusis
999 1513 1108 1579 verbis
1137 1514 1255 1578 descri-

186 1627 283 1692 bitur.

275 1733 334 1815 VI,
357 1735 389 1800 6.
435 1732 632 1816 Exponitur,
671 1730 829 1814 quomodo
854 1730 966 1794 Venus
1004 1752 1063 1814 per
1093 1737 1169 1792 aera
1201 1751 1256 1792 ve-

186 1842 290 1906 hatur.

118 1930 122 1936 ⁵
275 1949 333 2028 VI,
359 1950 409 2015 24.
460 1945 631 2027 Quomodo
664 1943 810 2028 Psychae
850 1954 883 2008 et
915 1942 1085 2029 Cupidinis
1123 1944 1256 2027 nuptiae

187 2058 222 2120 in
246 2054 387 2143 Olympo
409 2052 624 2133 celebrentur,
649 2052 776 2135 copiose
801 2059 978 2115 enarratur.

108 2218 112 2225 .
275 2163 329 2227 Ad
352 2185 434 2248 quae
458 2160 559 2226 addas
576 2182 648 2223 eam
672 2169 799 2243 partem
823 2159 1017 2222 narrationis
1043 2158 1255 2243 Apuleianae,

142 2284 151 2303 ⁸
192 2294 290 2358 quam
307 2293 350 2334 ex
364 2269 484 2334 sabella
499 2267 650 2352 populari
674 2255 738 2330 non
764 2266 990 2350 depromptam
1014 2265 1068 2352 (cl.
1080 2288 1109 2350 p.
1121 2268 1164 2332 40
1175 2264 1256 2352 sqq.)

190 2378 250 2443 sed
273 2377 432 2439 artissime
455 2397 527 2438 oum
551 2375 681 2439 Venere
715 2373 765 2451 (cf.
789 2396 818 2457 p.
844 2375 886 2438 43
910 2371 970 2459 sq.)
995 2385 1027 2437 et
1051 2371 1214 2458 Cupidine
1229 2373 1254 2455 2)

191 2483 399 2546 coniunctam
429 2481 725 2546 demonstravimus.
770 2480 830 2544 Est
862 2480 955 2544 haec:
990 2480 1100 2544 Venus
1128 2479 1256 2565 puellae

192 2587 427 2674 pulcherrimae
450 2589 610 2653 invidiosa
634 2587 787 2674 Cupidini
810 2588 876 2653 filio
899 2589 1049 2673 imperat,
1073 2598 1109 2652 ut
1132 2587 1257 2674 puellae

189 2697 297 2760 animo
329 2697 447 2780 sagitta
481 2718 625 2760 amorem
656 2695 795 2760 hominis
829 2697 967 2760 extremi
990 2696 1111 2759 iniciat.
1157 2695 1257 2758 Amor

187 2812 297 2866 autern
316 2801 475 2888 Apollinis
497 2802 617 2867 Milesii
647 2802 769 2867 auxilio
797 2802 937 2888 puellam
964 2803 998 2865 in
1031 2824 1138 2867 arcem
1167 2823 1256 2865 suam

186 2908 327 2974 abducit.
376 2908 472 2989 Quod
499 2909 625 2975 facinus
658 2911 756 2995 gavia
780 2909 936 2996 quaedam
959 2911 1078 2974 Veneri
1103 2910 1257 2992 enuntiat,

185 3020 272 3082 irata
300 3017 413 3082 Venus
442 3016 595 3081 Amorem
624 3016 765 3081 cubiculi
789 3017 934 3082 custodia
958 3017 1077 3082 acriter
1101 3018 1257 3083 cohercet.

186 3124 328 3210 puellam
338 3123 512 3208 firgitiuam
522 3125 658 3210 requirit
672 3125 709 3209 ³),
727 3134 899 3208 exceptam
915 3125 1106 3208 gravissime
1116 3135 1256 3209 torquet,

185 3241 348 3318 postremo
373 3231 465 3296 Jovis
488 3229 598 3295 verbis
621 3233 798 3316 mitigatur.

279 3338 354 3403 Jam
370 3337 512 3403 arbitror
534 3340 697 3402 neminem
712 3360 776 3401 non
800 3337 985 3422 intellegere
1010 3337 1126 3423 quibus
1149 3359 1256 3401 exem-

187 3445 250 3532 plis
274 3468 349 3509 usus
372 3443 426 3508 ille
442 3448 474 3506 X
491 3446 592 3508 animi
607 3446 753 3527 affectus,
778 3445 944 3509 lucernam
961 3445 1115 3509 Amorem
1132 3444 1258 3508 basiare

188 3553 391 3639 gestientem,
415 3573 524 3614 arcem
548 3550 841 3637 splendidissimam
865 3562 931 3616 tam
947 3551 1110 3616 subtiliter
1126 3563 1258 3636 tamque

278 3765 307 3833 2)
327 3761 401 3816 Nam
414 3767 531 3834 praeter
542 3763 716 3834 Cupidinem
730 3764 795 3833 quis
808 3763 874 3831 tela,
892 3764 1000 3834 quibus
1012 3781 1094 3821 amor
1107 3765 1258 3835 excitetur,

186 3852 306 3908 mittere
325 3853 446 3923 potest?

278 3942 305 4006 3)
324 3941 360 3999 cf.
379 3943 497 3996 metam.
511 3939 543 4004 V,
557 3943 604 4007 31;
625 3941 672 4008 Vl,
687 3943 715 4008 23
735 3941 785 4010 VI,
798 3945 823 3998 6.
842 3941 974 4012 cognatis
987 3942 1100 3998 fabellis
1113 3941 1258 4013 populari-

187 4032 246 4087 bus
266 4031 403 4086 certiores
421 4030 509 4086 fimus
528 4029 566 4085 ab
585 4047 644 4086 anu
662 4047 748 4101 mega
767 4031 893 4102 puellam
910 4049 970 4086 non
984 4048 1036 4104 per
1048 4035 1145 4088 totum
1158 4031 1259 4086 orbem

188 4119 326 4191 disquiri,
352 4120 404 4175 sed
428 4120 524 4190 ipsam
543 4119 682 4174 maritum
706 4120 856 4175 arelatum
881 4123 1069 4191 quaerentem
1094 4120 1132 4175 ad
1156 4135 1259 4188 megae

188 4210 312 4265 domum
330 4211 482 4282 pervenire
504 4210 549 4278 (of.
569 4226 660 4281 supra
687 4228 715 4281 p.
739 4213 782 4268 28.
811 4213 841 4265 et
868 4214 986 4266 metam.
1014 4209 1052 4277 V,
1081 4211 1128 4274 293
1154 4207 1201 4275 Vl,
1221 4211 1260 4277 8.)
