2896 5054
613 473 832 536 „57..

187 673 320 738 prorsus
340 649 435 713 simili
452 648 546 712 modo
564 657 595 712 et
611 648 652 712 ab
665 647 803 733 Apuleio
819 659 850 712 et
867 672 887 712 a
902 651 1112 735 scriptoribus
1128 656 1256 718 erotiois

192 757 328 824 Graecis
371 755 615 838 deseribuntur3
655 756 815 820 accedunt
854 758 980 842 singula
1017 761 1190 845 quaedam:
1223 763 1257 826 in

190 864 308 930 fabulis
341 885 470 949 quoque
484 861 741 927 Romanensibus
765 864 943 948 reperimus
962 866 1089 950 puellae
1105 867 1256 957 ἐκφοράν,

189 971 302 1036 domos
327 969 617 1055 splendidissimas,
641 970 775 1033 fluvium
797 969 921 1054 puellae
939 984 1135 1057 parcentem,
1160 974 1256 1059 Apol·

189 1079 264 1143 linis
288 1077 471 1158 oraculum,
504 1075 673 1141 mulierem
697 1077 837 1161 puellam
861 1088 1043 1143 vexantem.
1088 1081 1256 1146 Interdum

188 1186 268 1271 ipsis
301 1184 409 1249 verbis
444 1182 574 1248 fabulae
608 1184 827 1247 Romanenses
865 1194 1032 1269 tantopere
1071 1189 1257 1272 conspirant

189 1315 264 1357 oum
283 1292 469 1355 narratione
492 1289 689 1375 Apuleiana,
721 1301 757 1353 ut
784 1290 935 1355 nonnulla
966 1291 1078 1356 eodem
1102 1316 1145 1358 ex
1168 1294 1255 1358 fonte

190 1401 292 1485 petita
319 1421 392 1462 esse
416 1407 503 1461 reete
534 1406 704 1462 statuatur.
756 1397 929 1461 Praeterea
957 1409 1064 1462 autem
1092 1401 1125 1462 in
1154 1399 1256 1464 Grae-

191 1528 302 1570 corum
333 1503 451 1568 fabulis
474 1502 730 1568 Romanensibus
762 1502 906 1568 homines
936 1504 999 1569 sibi
1028 1507 1115 1590 ipsos
1138 1509 1256 1592 saepis-

189 1614 270 1676 sime
293 1634 407 1675 manus
430 1611 548 1674 inferre
570 1632 663 1673 nemo
678 1620 726 1673 est
742 1611 797 1695 qui
813 1611 952 1694 ignoret:
976 1612 1064 1695 apud
1081 1612 1256 1696 Apuleium

192 1717 321 1804 Psycha
361 1717 531 1803 quinquies
569 1716 784 1781 voluntariam
822 1727 956 1781 mortem
988 1718 1116 1782 obitura
1124 1720 1175 1798 1⁰⁸)
1200 1730 1254 1784 est.

191 1824 321 1890 Deinde
338 1825 371 1888 in
388 1823 613 1909 Xenophontis
630 1822 740 1887 fabula
756 1835 903 1888 amantes
926 1835 1057 1909 propter
1073 1825 1255 1911 Cupidinis,

193 1933 227 1995 in
251 1931 434 1996 Charitonis
463 1929 572 1994 sabula
598 1939 730 2014 propter
752 1929 890 1994 Veneria
913 1932 994 1994 iram
1018 1931 1255 1997 calamitatibus

192 2037 437 2124 obstringuntur
470 2037 523 2117 (cf.
559 2036 707 2118 ,Heinze,
736 2037 855 2100 Petron
884 2037 952 2101 und
976 2037 1034 2101 der
1055 2038 1255 2123 griechische

191 2146 327 2210 Roman‘
351 2147 385 2208 in
408 2144 551 2208 Hemrae
568 2143 630 2211 vol.
648 2142 808 2206 XXXIV.
826 2145 939 2229 (1899)
963 2166 994 2228 p.
1013 2143 1111 2230 501.)‚
1135 2144 1254 2229 Apulei

190 2251 334 2316 fabulam
361 2262 461 2316 totam
484 2251 598 2315 Venus
627 2251 754 2326 iratast)
778 2249 970 2315 moderatur.
1015 2251 1084 2314 Neo
1108 2252 1199 2316 deest
1221 2253 1255 2316 in

190 2359 376 2422 narratione
406 2356 589 2442 Apuleiana
618 2354 820 2420 Graecorum
859 2351 960 2445 Τύχη,
990 2381 1066 2420 nam
1094 2359 1255 2423 fortunam

191 2464 242 2527 his
269 2463 348 2527 loeis
370 2465 569 2528 invenimus:
601 2472 730 2528 metam.
758 2462 817 2529 lV.
848 2466 904 2546 313
932 2462 973 2527 V.
1007 2468 1036 2530 ὁ.
1065 2466 1094 2529 9.
1125 2469 1183 2547 11;
1223 2477 1255 2530 et

192 2568 379 2659 Hpoaolp¹²l
397 2570 580 2634 Charitonis
596 2580 672 2655 apte
687 2569 860 2654 respondet
876 2593 973 2655 quam
984 2571 1072 2656 apud
1083 2571 1255 2656 Apuleium

193 2675 342 2761 legimus:
365 2676 575 2741 Providentia
600 2677 653 2762 (V.
671 2679 706 2760 33
731 2675 788 2740 Vl.
813 2677 887 2752 15).
910 2677 1034 2758 Quodsi
1057 2700 1135 2743 vero
1159 2702 1254 2765 quae-

190 2806 309 2864 remus,
336 2806 401 2868 qua
425 2782 465 2846 de
490 2804 587 2846 causa
604 2782 658 2848 ille
673 2783 708 2848 X
723 2781 874 2846 fabellam
897 2783 1085 2868 popularem
1108 2787 1254 2850 artificiis
1331 2814 1334 2819 ’

192 2888 360 2951 rhetoricis
379 2889 578 2952 instructam
609 2901 768 2967 renarrat,
798 2913 855 2954 our
882 2893 1041 2976 (exeeptis
1064 2891 1135 2956 aliis
1159 2893 1254 2957 rebus

193 3015 277 3079 quae
301 2994 335 3055 in
360 2992 559 3057 Graecorum
582 2994 699 3060 fabulis
714 2997 970 3062 Romanensibus
993 3000 1109 3063 iterum
1124 3023 1163 3064 ao
1187 3024 1256 3065 sae·

193 3102 266 3185 pius
283 3105 471 3180 occurrunt)
488 3099 624 3165 Veneris
639 3103 698 3184 ira,
722 3106 871 3190 quamvis
881 3105 1011 3169 moleste
1028 3129 1101 3170 oum
1117 3107 1255 3172 fabellae

191 3217 383 3291 argumento
406 3218 539 3292 pugnet,
564 3210 781 3275 narrationem
804 3213 873 3296 regi
896 3213 1008 3298 fingat,
1031 3213 1091 3277 hoo
1115 3225 1256 3279 statuen-

192 3314 269 3378 dum
292 3326 355 3378 est:
382 3314 482 3378 voluit
507 3337 697 3400 componere
720 3317 864 3383 fabulam
890 3322 1088 3404 amatorium,
1127 3321 1255 3407 qualem

192 3421 292 3503 ipsius
315 3420 512 3506 temporibus
537 3423 686 3488 omnibus
701 3426 734 3488 in
752 3425 876 3490 deliciis
892 3428 991 3492 fuisse
1007 3429 1154 3492 oonioere
1170 3428 1254 3493 licet.

283 3668 912 3741 Qfflmfflmfflssfflstu

280 3757 324 3824 11)
345 3756 379 3811 of.
393 3756 442 3828 lV,
461 3753 561 3816 30131.
589 3759 621 3828 V,
641 3763 683 3817 29.
696 3764 740 3818 30.
768 3761 808 3816 Vl
821 3763 940 3834 passim.
967 3763 1117 3819 Interdum
1136 3763 1255 3820 Veneris

188 3841 233 3898 ira
251 3859 317 3898 oum
334 3845 458 3901 fabellae
477 3848 626 3920 popularis
645 3855 817 3920 argumento
829 3853 902 3907 mire
918 3853 1071 3924 discrepat.
1104 3851 1255 3920 Quomodo

190 3931 268 3986 enim
285 3931 384 3988 Venus
403 3934 533 4006 Psychae
552 3938 632 4008 apud
650 3939 758 3995 inferos
786 3941 854 4004 „has
878 3958 979 3997 omnes
1003 3947 1033 3996 et
1053 3941 1161 3997 multas
1184 3941 1256 3996 alias

188 4020 324 4076 insidias“
339 4022 484 4079 instruere
495 4027 598 4096 possit,
611 4045 669 4083 non
682 4029 884 4100 intellegimus.
906 4030 990 4097 Quod
999 4031 1110 4102 primus
1120 4032 1254 4087 observa·

188 4108 404 4167 sithienses.
423 4108 451 4168 ¹1.
469 4110 496 4168 l.’
517 4134 543 4186 p.
567 4119 614 4172 141
1057 4121 1059 4125 ’

281 4201 325 4268 lt)
346 4200 380 4255 of.
402 4207 429 4254 Γ.
448 4201 499 4271 lll,
520 4205 553 4258 10
572 4208 602 4260 et
621 4208 667 4278 123
689 4214 716 4264 Γ.
735 4206 784 4276 lV,
804 4211 819 4264 7
839 4207 950 4275 (Rhode
967 4204 995 4267 ‘l.
1014 4206 1040 4264 l.‘
1060 4227 1090 4281 p.
1103 4211 1174 4278 492).
