2896 5054
498 1302 622 1385 Caput
652 1301 818 1364 tertium.

171 1573 311 1655 Fabula
339 1570 551 1670 Apuleiana
579 1588 664 1648 curn
695 1569 844 1650 aetatis
873 1568 1152 1651 Alexandrinae

126 1699 254 1801 politis
289 1713 447 1797 cornuue
478 1693 706 1775 Graecorum
742 1694 998 1796 scriptoribus
1032 1696 1195 1776 eroticis

533 1820 792 1918 conparatur.

216 1984 395 2070 Inquirenti
430 1981 518 2062 mihi,
552 1980 668 2065 quibus
700 1980 797 2044 rebus
830 1979 940 2044 fabula
963 1980 1146 2065 Apuleiana
1179 2003 1198 2044 a

128 2092 248 2156 fabella
275 2090 423 2176 populari
455 2088 599 2169 recedat,
632 2088 761 2152 initium
786 2088 980 2172 capiendum
1006 2097 1096 2153 esta
1120 2111 1198 2152 non·

126 2199 222 2262 nullis
245 2198 374 2262 fabulae
396 2197 484 2278 locis,
509 2193 626 2280 quibus
649 2218 700 2258 res
725 2194 882 2280 quasdam
902 2194 1075 2259 afabellae
1092 2218 1193 2281 popu-

131 2305 210 2370 laris
234 2316 351 2370 natura
375 2305 504 2368 omnino
528 2301 737 2368 abhorrentes
761 2304 954 2369 invenimus.

225 2413 274 2476 Ao
306 2413 445 2496 primum
473 2411 604 2498 quidem
632 2410 685 2474 ille
715 2411 748 2473 X
772 2433 894 2475 summo
918 2412 1026 2476 studio
1052 2435 1199 2498 angores,

136 2530 241 2584 motus
280 2519 378 2581 animi
418 2519 560 2603 explieat
593 2529 624 2583 et
657 2518 811 2604 depingit.
858 2518 1018 2604 Exempla
1046 2519 1201 2585 nonnulla

135 2627 251 2691 affero:

223 2736 344 2798 Metam
367 2733 407 2808 V,
432 2739 462 2804 4.
509 2735 602 2798 Tunc
626 2734 808 2818 virginitati
833 2757 892 2818 pro
916 2744 1007 2798 tanta
1029 2735 1201 2800 solitudine

133 2852 280 2906 metuens
319 2852 417 2926 pavet
447 2852 480 2905 et
507 2841 666 2906 horrescit
694 2852 727 2906 et
760 2843 874 2928 quovis
897 2842 982 2906 malo
1013 2842 1085 2927 plus
1109 2843 1202 2906 timet
1237 2832 1241 2839 ¹

132 2949 217 3034 quod
241 2949 381 3033 ignorat.

221 3056 260 3130 V,
286 3057 316 3121 5.
363 3055 462 3120 Diem
486 3067 588 3119 totum
619 3056 761 3120 lacrimis
784 3079 822 3121 ac
847 3056 1055 3142 plangoribus
1079 3056 1203 3121 misella

132 3164 307 3243 consumit,
342 3185 376 3225 se
405 3185 492 3226 nunc
520 3164 661 3227 maxime
684 3186 816 3250 prorsus
840 3165 961 3248 perisse
985 3165 1106 3227 iterans
1131 3220 1136 3230 .
1162 3214 1169 3227 .
1196 3214 1203 3227 .

131 3291 194 3333 nec
217 3268 348 3334 lavacro
372 3292 434 3334 nec
458 3269 531 3334 cibo
554 3293 613 3334 nec
629 3269 846 3356 ulladenique
862 3269 1039 3334 refectione
1055 3281 1205 3334 recreata

131 3376 214 3439 fiens
237 3374 377 3440 ubertim
403 3377 540 3440 decessit
564 3377 606 3440 ad
629 3399 788 3444 somnum.

221 3483 261 3547 V.
288 3486 337 3548 12.
368 3483 441 3547 Tali
472 3485 585 3548 nuntio
607 3484 733 3570 Psyche
754 3483 839 3548 laeta
862 3484 998 3548 florebat
1019 3495 1051 3548 et
1073 3485 1205 3549 divinae

133 3589 253 3654 subolis
282 3590 400 3655 solacio
428 3591 607 3674 plaudebat
712 3602 746 3656 et
777 3593 915 3655 materni
940 3593 1078 3656 nominis
1103 3592 1206 3677 digni-

131 3707 200 3762 tate
233 3696 396 3782 gaudebat
421 3751 428 3765 .
454 3747 460 3759 .
485 3746 490 3756 .
516 3701 662 3762 sarcinae
697 3701 826 3763 nesciae
849 3699 1033 3764 rudimento
1058 3700 1205 3763 miratur.

223 3804 265 3886 V,
293 3807 340 3870 18.
386 3805 492 3869 Extra
519 3807 694 3870 terminum
722 3807 840 3871 mentis
871 3829 949 3870 suae
984 3808 1091 3892 posita
1131 3854 1137 3866 .
1163 3860 1170 3873 .
1199 3854 1207 3869 .

133 3923 344 3999 tremensque
370 3924 402 3978 et
425 3916 567 3998 exangui
591 3913 696 3979 colore
720 3913 827 3978 lurida
851 3915 982 3978 tertiata
998 3913 1100 3978 verba
1115 3914 1207 3977 semi·

133 4018 240 4084 hianti
264 4042 343 4084 voce
367 4020 583 4105 substrepens.
1201 4098 1203 4103 Ι

225 4127 266 4210 V,
301 4131 352 4194 21.
402 4127 448 4191 At
480 4127 608 4213 Psyche
645 4130 757 4193 relicta
786 4128 915 4195 sola..
941 4182 946 4193 .
976 4138 1067 4194 aestu
1098 4127 1209 4214 pelagi

134 4233 239 4299 simile
272 4234 444 4299 maerendo
473 4235 610 4300 fluctuat
643 4247 676 4301 et
700 4237 849 4323 quamvis
873 4246 993 4301 statuto
1018 4235 1151 4300 consilio
1177 4244 1209 4300 et
