2896 5054
619 446 836 508 ..13-

190 625 342 692 noctibus
365 645 481 708 corpus
504 620 679 685 humanum
694 632 911 706 recuperaret,
936 645 978 686 ex
995 624 1141 708 sequenti
1158 646 1253 709 quae-

190 735 292 797 stione
317 728 497 816 apparebit.
527 727 664 793 sienim
687 727 854 792 nobiscum
878 729 1146 813 reputaverimus,
1170 752 1252 815 quae

189 864 241 904 res
269 839 387 902 summi
421 836 573 900 momenti
603 836 644 900 sit
667 835 701 899 in
724 856 763 898 ea
785 845 878 919 parte
902 834 1044 917 fabulae,
1067 858 1131 921 qua
1155 835 1253 921 Cupi·

190 948 301 1012 dinem
324 955 356 1008 et
378 943 541 1028 Psycham
564 943 754 1005 coniunctos
777 941 936 1021 videmus,
966 942 1006 1006 de
1031 941 1119 1006 nulla
1142 942 1254 1027 opinor

191 1076 248 1118 nos
286 1073 355 1116 esse
388 1049 596 1133 cogitaturos,
629 1047 691 1111 nisi
724 1047 765 1113 de
788 1047 936 1131 Psychae
961 1049 1154 1114 curiositate.
1199 1047 1253 1112 Ad

186 1171 259 1224 eam
282 1156 485 1221 incitandam
508 1176 632 1219 sorores
655 1176 767 1219 omnes
790 1152 880 1218 dolos
902 1154 1087 1236 moliuntur,
1116 1154 1158 1218 ad
1181 1177 1252 1218 eam

185 1263 454 1352 permulcendam
478 1260 606 1346 Cupido
630 1257 813 1323 dulcissima
835 1258 938 1324 verba
961 1261 1136 1346 profundit,
1161 1260 1253 1348 (quin

186 1373 286 1438 etiam
314 1369 442 1455 Cupido
477 1376 510 1432 et
538 1366 667 1453 Psycha
699 1366 739 1430 de
767 1366 855 1431 nulla
883 1366 947 1430 alia
973 1390 1008 1430 re
1037 1367 1253 1454 colloquentes

186 1477 408 1558 inducuntur),
442 1497 482 1539 ea
512 1476 584 1559 ipsa
606 1471 707 1538 Amor
741 1475 852 1537 uxoris
884 1473 1075 1538 emanibus
1107 1475 1252 1558 eripitur.

191 1585 277 1666 Quia
299 1592 407 1647 autem
436 1591 506 1646 tota
528 1579 676 1665 Psychae
708 1589 740 1642 et
763 1578 893 1643 Amoris
921 1579 1049 1644 fortuna
1076 1581 1111 1644 iu
1132 1579 1194 1646 hac
1218 1604 1252 1645 re

190 1691 294 1778 posita
321 1699 382 1772 est,
412 1709 581 1773 speramus
614 1697 700 1748 certe
728 1685 807 1760 fore,
831 1696 866 1749 ut
890 1696 923 1750 et
947 1709 1044 1750 causa
1067 1688 1167 1769 adsit,
1196 1710 1252 1752 cur

189 1796 314 1881 Cupido
348 1795 487 1860 sormam
522 1815 613 1857 suam
645 1791 745 1877 aspici
776 1801 881 1874 vetet,
921 1802 954 1858 et
985 1793 1113 1879 Psycha
1145 1795 1254 1859 mariti

191 1901 411 1988 conspiciendi
451 1899 662 1984 cupidissima
699 1899 749 1963 sit
806 1899 951 1980 Quorum
993 1902 1136 1965 omnium
1173 1900 1253 1964 nihil

189 2010 332 2094 legimus.
369 2007 510 2092 Vesperi
534 2005 661 2090 Cupido
685 2006 727 2069 ad
751 2028 887 2070 uxorem
910 2029 943 2070 se
968 2006 1102 2083 confert,
1127 2008 1251 2072 oriente

186 2115 258 2180 luce
296 2112 416 2196 avolat,
455 2113 546 2195 ,haec
579 2111 702 2177 diutino
734 2124 880 2197 tempore
919 2114 966 2176 sic
1004 2112 1249 2197 agebantur2⁷)‘.

105 2226 107 2230 ’
187 2221 296 2308 Atque
320 2218 448 2305 Psycha
480 2220 599 2282 misera
631 2240 664 2282 se
697 2218 885 2282 condicione
916 2220 962 2282 uti
989 2228 1120 2304 propter
1143 2223 1251 2284 mariti

187 2337 399 2414 praeceptum
421 2327 555 2390 minime
579 2325 770 2407 arbitratur,
798 2325 897 2388 immo
921 2326 1075 2408 ,novitate
1098 2349 1158 2411 per
1174 2329 1250 2390 assi·

189 2435 287 2498 duam
320 2431 638 2513 consuetudinem²⁷)‘
675 2431 863 2496 delectatur.
909 2431 1104 2518 Quanquam
1143 2443 1250 2498 autem

190 2541 325 2604 fortasse
349 2539 439 2603 nefas
463 2561 530 2603 esse
554 2540 684 2602 videtur
700 2539 742 2603 ad
758 2538 885 2603 dulcem
902 2538 986 2603 hanc
1001 2538 1143 2604 fabulam
1159 2563 1251 2625 prae·

188 2657 283 2732 cepta
321 2647 399 2710 artis
433 2645 558 2730 logicae
589 2644 779 2728 transferre,
812 2657 921 2709 tamen
952 2648 1028 2731 quia
1060 2648 1249 2730 gravissima

81 2818 83 2823 ,
187 2775 334 2840 quaeque
368 2751 428 2816 hoc
459 2751 528 2816 loco
559 2774 690 2837 prorsus
721 2774 786 2816 non
812 2751 875 2816 sibi
903 2753 1109 2834 conveniunt,
1144 2753 1250 2816 facere

189 2883 252 2925 non
276 2881 416 2944 possum,
441 2859 520 2944 quin
543 2857 600 2922 has
617 2860 819 2944 quaestiones
834 2881 996 2922 moveam:
1022 2857 1261 2939 Quidtandem.

188 2967 333 3031 futurum
356 2964 454 3028 fuisse
477 2974 582 3050 putas,
616 2965 647 3028 si*
665 2964 794 3050 Psycha
818 2975 911 3029 nocte
935 2967 1031 3030 tertia
1054 2967 1122 3029 sive
1136 2975 1251 3051 quarta

188 3072 382 3158 Cupidinem
407 3070 506 3135 oculis
529 3070 715 3136 lustrasset?
745 3072 799 3136 An
824 3073 980 3157 quidnam
1003 3074 1133 3137 omnino
1149 3072 1251 3136 Amor

188 3178 347 3264 Psycham
388 3178 492 3243 celare
526 3178 653 3243 voluit?
692 3179 732 3242 Id
763 3179 965 3263 potissimum
998 3181 1100 3260 timet,
1134 3202 1174 3243 ne
1208 3178 1249 3242 ab

187 3308 289 3350 uxore
320 3286 485 3349 carissima
508 3284 734 3369 abstrahatur3
767 3285 826 3349 sed
849 3287 876 3348 si
900 3307 982 3349 uxor
1005 3286 1157 3348 maritum
1180 3307 1249 3349 esse

187 3393 382 3477 Cupidinem
407 3391 502 3456 deum
526 3393 740 3476 cognovisset,
772 3415 844 3456 eam
867 3415 975 3457 amore
999 3402 1094 3456 aucto
1119 3402 1249 3456 aeterno

186 3500 283 3563 etiam
300 3498 427 3562 vinculo
445 3521 518 3562 cum
534 3500 604 3583 ipso
620 3498 773 3582 coniungi
790 3499 972 3583 cupituram
988 3499 1086 3563 fuisse
1104 3510 1249 3584 apparet.

187 3607 299 3691 ltaque
322 3604 438 3688 Amor,
462 3607 534 3691 quis
551 3614 642 3680 esset,
665 3595 810 3690 Psychae
833 3606 938 3689 potius
961 3628 1058 3691 quam
1083 3605 1249 3670 celerrime

186 3712 335 3797 detegere
367 3712 488 3778 debuit.
518 3750 560 3760 —
592 3712 690 3776 Initio
722 3710 851 3775 fabulae
885 3711 1087 3797 Apuleianae
1122 3712 1249 3796 Cupido

185 3842 229 3882 ex
259 3842 317 3882 sua
348 3818 512 3883 voluntate
536 3857 577 3864 —
601 3818 663 3894 hoc
695 3819 922 3903 gravissimum
951 3828 998 3884 est
1022 3858 1062 3865 —
1088 3818 1246 3904 Psycham

186 3926 288 4010 ducit3
322 3925 383 3989 hoc
412 3926 482 3990 loco
510 3926 673 3991 Fortunae
702 3925 754 3989 vel
784 3925 915 3990 alterius
943 3927 1083 3990 numinis
1111 3926 1248 4010 imperio

274 4140 318 4208 27)
337 4138 453 4198 Metam.
472 4137 506 4206 V,
523 4109 550 4193 ι4.
